ProductName,Category,SupplierName,Warehouse,Status,ProductID,Supplier_ID,DateReceived,LastOrderDate,ExpirationDate,StockQty,ReorderLevel,ReorderQty,UnitPrice,SalesVolume,InvTurnoverRate,Percentage,Revenue,RevenueContribution_pct,DSI_days,StockoutRiskFlag,Flag_SlowMoving,Flag_FastMoving_StockoutRisk,Action_Suggest
Bell Pepper,Fruits & Vegetables,Eimbee,20 Pennsylvania Parkway,Discontinued,29-017-6255,43-348-2450,3/1/2024,1/6/2025,1/31/2025,46,64,17,4.6,96,55,1.96%,441.59999999999997,0.12827166078745203,6.636363636363637,HIGH,False,True,Reorder / expedite replenishment
Vegetable Oil,Oils & Fats,Digitube,03643 Oakridge Lane,Backordered,79-569-8856,04-854-7165,4/1/2024,5/19/2024,6/11/2024,51,87,86,2.0,24,83,0.91%,48.0,0.013942571824723048,4.397590361445783,HIGH,False,False,
Parmesan Cheese,Dairy,BlogXS,73 Graedel Street,Discontinued,28-146-2641,82-995-0739,4/1/2024,12/21/2024,4/8/2024,38,67,66,12.0,35,24,1.36%,420.0,0.12199750346632666,15.208333333333334,HIGH,False,False,
Carrot,Fruits & Vegetables,Avaveo,44801 Myrtle Center,Discontinued,11-581-9869,22-867-3079,5/1/2024,12/12/2024,9/26/2024,51,60,98,1.5,44,95,1.36%,66.0,0.019171036258994193,3.8421052631578947,HIGH,False,False,
Garlic,Fruits & Vegetables,Katz,6195 Monterey Center,Discontinued,13-202-4809,24-281-7685,5/1/2024,7/28/2024,5/20/2024,27,22,89,7.0,91,77,2.17%,637.0,0.18502954692392878,4.740259740259741,OK,False,False,
Lemon,Fruits & Vegetables,Yata,5141 Anniversary Crossing,Backordered,70-145-2550,75-849-4524,5/1/2024,8/7/2024,8/6/2024,91,6,37,2.4,38,70,2.56%,91.2,0.026490886466973795,5.214285714285714,OK,False,False,
Coconut Sugar,Grains & Pulses,Lazz,38583 2nd Pass,Active,10-626-8536,23-274-3305,5/1/2024,1/29/2025,3/30/2024,17,85,74,5.0,76,89,2.34%,380.0,0.1103786936123908,4.101123595505618,HIGH,False,False,
Anchovies,Seafood,Zoonder,86 Porter Junction,Discontinued,42-879-9478,00-900-0119,6/1/2024,2/23/2025,8/22/2024,81,22,20,10.0,95,77,2.13%,950.0,0.275946734030977,4.740259740259741,OK,False,False,
Cheese,Dairy,Oozz,05518 Saint Paul Street,Active,82-380-5378,96-353-3049,6/1/2024,6/3/2024,3/7/2024,78,24,31,9.0,60,41,2.74%,540.0,0.1568539330281343,8.902439024390244,OK,False,False,
Yogurt,Dairy,Jaxnation,14042 Dottie Avenue,Backordered,23-265-8144,31-524-1628,6/1/2024,11/9/2024,10/25/2024,55,50,56,1.7,62,26,2.56%,105.39999999999999,0.030615563965121027,14.038461538461538,OK,False,False,
Cheddar Cheese,Dairy,Gabcube,5 Oxford Pass,Active,62-393-9939,93-877-9384,6/1/2024,6/2/2024,10/5/2024,60,9,89,9.0,95,63,2.83%,855.0,0.24835206062787932,5.7936507936507935,OK,False,False,
Avocado Oil,Oils & Fats,Dabtype,3622 Anhalt Lane,Backordered,90-343-9640,54-919-9424,7/1/2024,4/6/2024,10/6/2024,53,89,100,10.0,22,83,2.79%,220.0,0.06390345419664731,4.397590361445783,HIGH,False,False,
Orange,Fruits & Vegetables,Flashdog,3 Bashford Court,Backordered,36-899-5324,02-656-3112,8/1/2024,7/5/2024,12/19/2024,94,58,17,2.9,57,74,2.36%,165.29999999999998,0.048014731721389994,4.9324324324324325,OK,False,False,
Digestive Biscuit,Bakery,Devshare,2 Carioca Crossing,Backordered,41-538-3129,91-589-9007,9/1/2024,3/17/2024,7/31/2024,77,79,65,4.0,62,75,2.69%,248.0,0.07203662109440241,4.866666666666666,HIGH,False,False,
Cauliflower,Fruits & Vegetables,Cogilith,01 Northfield Road,Active,47-843-8207,55-838-9088,9/1/2024,4/10/2024,12/27/2024,34,92,26,2.5,28,71,2.61%,70.0,0.02033291724438778,5.140845070422535,HIGH,False,False,
Pear,Fruits & Vegetables,Roodel,2004 Cody Plaza,Discontinued,94-071-2261,25-706-2146,9/1/2024,3/2/2024,3/30/2024,79,37,98,4.5,33,20,2.54%,148.5,0.043134831582736934,18.25,OK,False,False,
Egg (Turkey),Dairy,Bluezoom,94862 Beilfuss Terrace,Backordered,12-998-3882,06-151-9076,10/1/2024,8/17/2024,5/26/2024,76,54,76,2.5,69,27,2.58%,172.5,0.05010611749509846,13.518518518518519,OK,False,False,
Ricotta Cheese,Dairy,Skimia,10342 Division Place,Active,36-127-4273,05-719-6858,10/1/2024,7/3/2024,7/31/2024,50,46,38,6.2,88,70,2.32%,545.6,0.15848056640768532,5.214285714285714,OK,False,False,
Eggplant,Fruits & Vegetables,Blogpad,52 Namekagon Junction,Backordered,13-144-2169,11-742-5033,10/1/2024,12/1/2024,9/7/2024,25,62,11,3.0,57,98,2.67%,171.0,0.049670412125575866,3.7244897959183674,HIGH,False,False,
Whole Wheat Flour,Grains & Pulses,Dabjam,21343 Brentwood Circle,Backordered,86-978-6666,43-979-2253,10/1/2024,7/26/2024,9/15/2024,38,43,28,2.7,34,54,2.61%,91.80000000000001,0.026665168614782835,6.7592592592592595,HIGH,False,False,
Arabica Coffee,Beverages,Feedmix,36 3rd Place,Discontinued,40-681-9981,54-470-2479,11/1/2024,5/29/2024,5/8/2024,45,77,2,20.0,85,1,2.55%,1700.0,0.4937994187922746,365.0,HIGH,True,True,Reorder / expedite replenishment
Sweet Potato,Fruits & Vegetables,Trupe,7015 Ramsey Lane,Active,13-962-6263,26-061-5253,12/1/2024,12/23/2024,11/18/2024,49,1,28,2.0,97,95,2.56%,194.0,0.05635122779158899,3.8421052631578947,OK,False,False,
Mango,Fruits & Vegetables,Meevee,48 Vahlen Place,Backordered,10-002-6494,47-509-7282,3/2/2024,7/8/2024,11/11/2024,89,92,62,4.8,46,11,2.57%,220.79999999999998,0.06413583039372601,33.18181818181818,HIGH,False,False,
Kale,Fruits & Vegetables,Blogpad,85 Farwell Parkway,Backordered,29-741-8132,49-384-4540,3/2/2024,7/14/2024,6/3/2024,47,22,69,4.0,26,59,2.62%,104.0,0.030208905620233272,6.186440677966102,OK,False,False,
Jasmine Rice,Grains & Pulses,Topicware,07 Pankratz Point,Active,30-806-3823,36-451-3173,3/2/2024,7/4/2024,3/6/2024,53,26,3,4.75,100,94,2.53%,475.0,0.1379733670154885,3.882978723404255,OK,False,False,
Sourdough Bread,Bakery,Plajo,338 Annamark Court,Discontinued,71-074-6292,42-201-4495,4/2/2024,6/10/2024,10/17/2024,65,79,49,4.0,100,9,2.50%,400.0,0.11618809853935874,40.55555555555556,HIGH,False,True,Reorder / expedite replenishment
Green Coffee,Beverages,Skyndu,35 Golf Course Alley,Backordered,95-738-4658,67-404-3362,4/2/2024,11/26/2024,10/30/2024,90,68,74,12.0,81,26,2.43%,972.0,0.28233707945064174,14.038461538461538,OK,False,False,
Arabica Coffee,Beverages,Yotz,96 Westridge Junction,Backordered,55-154-4728,33-466-7894,4/2/2024,1/7/2025,3/29/2024,65,63,41,20.0,28,26,2.58%,560.0,0.16266333795510224,14.038461538461538,OK,False,False,
Tilapia,Seafood,Vinder,57 Eastwood Junction,Active,46-255-3073,68-230-9130,5/2/2024,1/6/2025,7/11/2024,30,42,8,7.0,48,23,2.57%,336.0,0.09759800277306134,15.869565217391305,HIGH,False,False,
Arborio Rice,Grains & Pulses,Geba,31 Sullivan Hill,Active,95-640-0293,43-575-2151,5/2/2024,11/2/2024,2/7/2025,34,32,22,4.5,42,27,2.45%,189.0,0.05489887655984701,13.518518518518519,OK,False,False,
Bread Flour,Grains & Pulses,Dazzlesphere,49148 Meadow Ridge Way,Backordered,45-250-4679,80-328-4990,5/2/2024,11/23/2024,7/5/2024,54,78,81,1.5,41,63,2.36%,61.5,0.017863920150426406,5.7936507936507935,HIGH,False,False,
Cucumber,Fruits & Vegetables,Kanoodle,38 Killdeer Point,Active,03-833-3577,87-032-6971,5/2/2024,8/20/2024,10/16/2024,67,14,25,1.8,81,77,2.34%,145.8,0.042350561917596265,4.740259740259741,OK,False,False,
Cheese,Dairy,Eimbee,01 Gateway Plaza,Backordered,08-961-3009,41-825-5869,6/2/2024,12/19/2024,9/8/2024,50,14,6,9.2,60,72,2.22%,552.0,0.16033957598431506,5.069444444444445,OK,False,False,
Milk,Dairy,Centimia,36483 Burning Wood Pass,Backordered,20-405-4865,16-019-7101,6/2/2024,11/5/2024,9/18/2024,13,39,98,0.9,46,46,1.99%,41.4,0.012025468198823629,7.934782608695652,HIGH,False,False,
Lime,Fruits & Vegetables,Livefish,3 Meadow Valley Court,Backordered,49-377-9731,56-823-5908,6/2/2024,10/3/2024,4/19/2024,18,8,68,2.0,54,45,1.99%,108.0,0.03137078660562686,8.11111111111111,OK,False,False,
Rice Flour,Grains & Pulses,Quatz,47817 Oneill Park,Active,39-810-2042,65-620-9866,6/2/2024,1/25/2025,9/5/2024,24,2,49,2.0,98,82,1.90%,196.0,0.05693216828428578,4.451219512195122,OK,False,False,
Sourdough Bread,Bakery,Rhyloo,94 Mallory Center,Active,53-805-9523,99-864-0256,7/2/2024,3/19/2024,5/14/2024,40,30,65,4.5,54,29,1.84%,243.0,0.07058426986266043,12.586206896551724,OK,False,False,
Cheese,Dairy,Shuffledrive,19 Shoshone Circle,Active,14-305-5348,71-092-6845,8/2/2024,10/12/2024,3/20/2024,53,63,2,9.0,56,95,1.83%,504.0,0.146397004159592,3.8421052631578947,HIGH,False,False,
Sour Cream,Dairy,Skyvu,805 Center Parkway,Active,51-459-5630,29-567-3732,8/2/2024,9/29/2024,12/14/2024,11,30,4,4.0,84,4,1.77%,336.0,0.09759800277306134,91.25,HIGH,True,True,Reorder / expedite replenishment
Whole Wheat Bread,Bakery,Lazz,46 Delaware Place,Backordered,88-183-5781,49-247-1217,8/2/2024,8/24/2024,12/27/2024,17,63,3,3.5,93,26,1.66%,325.5,0.09454806518640319,14.038461538461538,HIGH,False,True,Reorder / expedite replenishment
Robusta Coffee,Beverages,Devpulse,2374 Chive Court,Discontinued,41-735-9837,35-462-7569,8/2/2024,8/28/2024,9/1/2024,14,77,78,10.0,32,24,1.52%,320.0,0.092950478831487,15.208333333333334,HIGH,False,False,
Chocolate Biscuit,Bakery,Yodo,7561 5th Terrace,Active,88-977-0175,58-087-3463,8/2/2024,3/21/2024,7/19/2024,100,1,26,5.0,47,79,1.32%,235.0,0.06826050789187327,4.620253164556962,OK,False,False,
Palm Oil,Oils & Fats,Skipstorm,703 Hermina Center,Active,66-327-2821,82-525-7224,8/2/2024,4/10/2024,5/27/2024,67,57,36,1.8,78,60,1.21%,140.4,0.04078202258731492,6.083333333333333,OK,False,False,
Anchovies,Seafood,Camido,709 Vidon Avenue,Discontinued,08-114-3922,19-418-7213,9/2/2024,2/25/2024,2/15/2025,60,64,36,10.0,34,48,1.14%,340.0,0.09875988375845493,7.604166666666667,HIGH,False,False,
Sesame Oil,Oils & Fats,Dabtype,0313 Rockefeller Street,Discontinued,95-090-2788,95-715-6047,9/2/2024,4/5/2024,8/26/2024,45,7,58,6.5,86,77,0.99%,559.0,0.16237286770875384,4.740259740259741,OK,False,False,
Lettuce,Fruits & Vegetables,Fadeo,19069 Cordelia Drive,Active,26-690-3784,70-463-6597,10/2/2024,10/14/2024,4/6/2024,58,5,1,2.0,53,80,0.80%,106.0,0.030789846112930067,4.5625,OK,False,False,
Feta Cheese,Dairy,Rhynyx,60356 Derek Lane,Discontinued,46-753-8430,35-042-9391,10/2/2024,11/19/2024,8/5/2024,98,77,7,7.0,92,29,0.62%,644.0,0.18706283864836756,12.586206896551724,OK,False,False,
Apricot,Fruits & Vegetables,Skinix,36687 Maple Avenue,Backordered,15-905-7750,48-176-1622,12/2/2024,1/31/2025,9/29/2024,42,61,52,5.0,86,99,0.47%,430.0,0.12490220592981063,3.686868686868687,HIGH,False,True,Reorder / expedite replenishment
Peanut Oil,Oils & Fats,Tagopia,13 Westport Hill,Discontinued,11-891-8213,25-741-5987,12/2/2024,12/12/2024,11/13/2024,38,62,47,4.0,41,34,0.37%,164.0,0.04763712040113709,10.735294117647058,HIGH,False,False,
Olive Oil,Oils & Fats,Realmix,65 Chinook Circle,Discontinued,82-811-7988,41-772-9238,3/3/2024,6/13/2024,12/13/2024,36,3,54,6.0,74,8,0.21%,444.0,0.1289687893786882,45.625,OK,False,False,
Whole Wheat Flour,Grains & Pulses,Gigaclub,759 Waywood Court,Active,31-746-4951,70-212-0990,4/3/2024,5/20/2024,9/6/2024,67,60,21,2.75,30,6,089%,82.5,0.02396379532374274,60.833333333333336,OK,False,False,
Egg (Duck),Dairy,Katz,45190 Fordem Court,Backordered,97-300-7511,47-687-2255,4/3/2024,7/17/2024,3/21/2024,37,53,61,1.0,90,89,080%,90.0,0.026142322171355717,4.101123595505618,HIGH,False,True,Reorder / expedite replenishment
Pineapple,Fruits & Vegetables,Brainverse,0 Delladonna Place,Active,88-304-2855,59-570-2020,4/3/2024,1/24/2025,2/12/2025,20,51,33,3.5,80,41,001%,280.0,0.08133166897755112,8.902439024390244,HIGH,False,True,Reorder / expedite replenishment
Jasmine Rice,Grains & Pulses,Skyba,63 Debra Park,Discontinued,53-008-2419,86-841-6074,4/3/2024,4/10/2024,5/27/2024,62,36,96,4.75,31,25,049%,147.25,0.04277174377480144,14.6,OK,False,False,
Cucumber,Fruits & Vegetables,Brainverse,157 David Center,Backordered,76-340-4432,79-915-4185,5/3/2024,3/28/2024,3/6/2024,19,36,72,1.75,31,81,019%,54.25,0.01575801086440053,4.506172839506172,HIGH,False,False,
Trout,Seafood,Blogtag,4508 Shopko Trail,Active,26-010-9519,28-837-4164,5/3/2024,11/26/2024,1/9/2025,29,72,96,12.0,85,52,-161%,1020.0,0.29627965127536476,7.019230769230769,HIGH,False,True,Reorder / expedite replenishment
Onion,Fruits & Vegetables,Oba,74 Menomonie Point,Discontinued,08-940-8578,37-686-1726,5/3/2024,10/4/2024,11/22/2024,34,29,65,2.0,90,23,039%,180.0,0.052284644342711434,15.869565217391305,OK,False,False,
Cream,Dairy,Oyondu,74997 Katie Terrace,Discontinued,54-374-9986,33-818-4917,6/3/2024,10/22/2024,3/21/2024,92,52,80,2.5,72,96,074%,180.0,0.052284644342711434,3.8020833333333335,OK,False,False,
Sardines,Seafood,Eayo,7819 Fallview Park,Discontinued,67-625-9704,13-475-1009,6/3/2024,9/26/2024,7/18/2024,33,18,92,6.0,98,56,-033%,588.0,0.17079650485285733,6.517857142857143,OK,False,False,
Sourdough Bread,Bakery,Avamba,744 Green Center,Backordered,56-635-6764,20-257-6927,6/3/2024,1/16/2025,8/5/2024,12,59,62,4.5,75,92,043%,337.5,0.09803370814258393,3.967391304347826,HIGH,False,False,
Anchovies,Seafood,Mybuzz,31 Loomis Park,Active,10-445-0741,82-470-7146,6/3/2024,7/11/2024,3/31/2024,83,17,39,10.0,33,20,-023%,330.0,0.09585518129497096,18.25,OK,False,False,
Peanut Oil,Oils & Fats,Twitterwire,1170 Shasta Circle,Backordered,76-584-4790,58-213-1146,6/3/2024,11/4/2024,1/1/2025,21,52,80,4.0,49,37,039%,196.0,0.05693216828428578,9.864864864864865,HIGH,False,False,
Plum,Fruits & Vegetables,Topicstorm,15068 Scoville Court,Backordered,57-437-1828,54-226-4308,7/3/2024,10/11/2024,10/5/2024,37,30,74,4.0,62,25,024%,248.0,0.07203662109440241,14.6,OK,False,False,
Sushi Rice,Grains & Pulses,Katz,5743 Superior Place,Backordered,62-777-6010,40-914-7156,7/3/2024,3/6/2024,11/5/2024,77,20,37,4.25,42,19,060%,178.5,0.05184893897318884,19.210526315789473,OK,False,False,
Black Rice,Grains & Pulses,Vinder,3296 Walton Court,Backordered,06-955-3428,54-031-2945,8/3/2024,6/10/2024,9/22/2024,30,38,83,6.0,31,34,055%,186.0,0.05402746582080181,10.735294117647058,HIGH,False,False,
Wild Rice,Grains & Pulses,Wordpedia,5 Toban Circle,Discontinued,04-758-0410,56-231-2524,8/3/2024,8/16/2024,5/2/2024,26,21,47,10.0,40,59,-010%,400.0,0.11618809853935874,6.186440677966102,OK,False,False,
Wild Rice,Grains & Pulses,Kayveo,8569 Bashford Court,Backordered,06-655-5498,89-574-3430,8/3/2024,7/9/2024,9/28/2024,72,82,52,9.75,51,95,-048%,497.25,0.14443632999674033,3.8421052631578947,HIGH,False,False,
Pomegranate,Fruits & Vegetables,Meeveo,31892 Pennsylvania Street,Active,76-401-7083,29-156-0691,9/3/2024,10/3/2024,7/31/2024,59,79,87,6.0,47,18,-086%,282.0,0.08191260947024791,20.27777777777778,HIGH,False,False,
Black Rice,Grains & Pulses,Npath,6382 Anniversary Pass,Discontinued,30-429-2162,05-100-7102,10/3/2024,12/6/2024,1/15/2025,34,96,76,6.15,90,34,062%,553.5,0.16077528135383765,10.735294117647058,HIGH,False,True,Reorder / expedite replenishment
Cream,Dairy,Riffpedia,09189 2nd Drive,Active,49-730-0159,62-766-8232,10/3/2024,12/10/2024,8/26/2024,82,3,82,2.4,48,31,062%,115.19999999999999,0.03346217237933531,11.774193548387096,OK,False,False,
Cabbage,Fruits & Vegetables,Lajo,081 Jana Lane,Active,31-745-6850,96-215-2767,10/3/2024,10/24/2024,11/1/2024,94,90,12,0.9,98,71,035%,88.2,0.025619475727928605,5.140845070422535,OK,False,False,
Sourdough Bread,Bakery,Vinte,72083 Acker Crossing,Active,69-468-5468,37-099-6976,11/3/2024,6/10/2024,11/26/2024,59,78,6,4.5,32,3,028%,144.0,0.04182771547416914,121.66666666666667,HIGH,True,False,Consider rationalize / delist
Carrot,Fruits & Vegetables,Gevee,7744 Oxford Pass,Active,68-636-4774,40-436-0171,11/3/2024,8/30/2024,2/19/2025,18,50,77,1.45,44,19,091%,63.8,0.018532001717027718,19.210526315789473,HIGH,False,False,
All-Purpose Flour,Grains & Pulses,Dabjam,050 Mcbride Avenue,Discontinued,21-120-6238,86-292-4587,12/3/2024,5/26/2024,9/5/2024,55,33,14,1.75,34,62,057%,59.5,0.01728297965772961,5.887096774193548,OK,False,False,
Cheddar Cheese,Dairy,Wordify,1 Merchant Circle,Backordered,92-995-8689,18-682-7828,12/3/2024,10/17/2024,3/6/2024,31,65,94,9.0,63,7,-082%,567.0,0.16469662967954102,52.142857142857146,HIGH,False,False,
Green Coffee,Beverages,Aibox,97 Thierer Terrace,Discontinued,15-045-8444,29-143-2001,3/4/2024,7/12/2024,3/27/2024,27,12,93,12.0,88,83,089%,1056.0,0.3067365801439071,4.397590361445783,OK,False,False,
Whipped Cream,Dairy,Yakitri,069 Basil Center,Active,73-567-6194,81-927-7236,3/4/2024,12/10/2024,9/8/2024,76,81,85,4.0,65,68,006%,260.0,0.07552226405058318,5.367647058823529,HIGH,False,False,
Plum,Fruits & Vegetables,Mybuzz,29 Vera Drive,Discontinued,48-242-8445,84-941-3034,3/4/2024,6/15/2024,6/24/2024,40,3,5,4.0,45,69,-005%,180.0,0.052284644342711434,5.2898550724637685,OK,False,False,
Pineapple,Fruits & Vegetables,Quinu,0584 Lindbergh Alley,Active,33-507-9886,11-445-3951,4/4/2024,8/19/2024,6/27/2024,68,25,16,3.5,25,83,-053%,87.5,0.025416146555484725,4.397590361445783,OK,False,False,
Grapes,Fruits & Vegetables,Thoughtmix,183 Algoma Trail,Discontinued,80-025-6757,49-608-3851,4/4/2024,11/29/2024,1/1/2025,59,29,100,5.5,74,16,-232%,407.0,0.11822139026379751,22.8125,OK,False,False,
Sunflower Oil,Oils & Fats,Photofeed,7 Rutledge Pass,Backordered,36-296-9609,46-041-1131,5/4/2024,6/24/2024,12/1/2024,24,35,14,2.5,91,71,078%,227.5,0.06608198104426027,5.140845070422535,HIGH,False,True,Reorder / expedite replenishment
Lemon,Fruits & Vegetables,Centimia,01 Straubel Hill,Discontinued,56-054-8664,53-247-1844,5/4/2024,3/25/2024,3/3/2024,59,82,69,2.45,30,34,022%,73.5,0.021349563106607166,10.735294117647058,HIGH,False,False,
Lemon,Fruits & Vegetables,Mydo,208 Miller Court,Active,64-478-4745,36-780-8625,6/4/2024,4/20/2024,11/19/2024,63,81,94,2.5,56,2,-013%,140.0,0.04066583448877556,182.5,HIGH,True,False,Consider rationalize / delist
Peanut Oil,Oils & Fats,Edgeify,203 Mariners Cove Junction,Backordered,67-546-1568,10-038-3988,6/4/2024,6/16/2024,3/28/2024,57,36,53,4.0,56,32,096%,224.0,0.06506533518204088,11.40625,OK,False,False,
Egg (Turkey),Dairy,Quinu,6810 Aberg Junction,Backordered,10-218-2680,72-024-1595,6/4/2024,5/28/2024,1/3/2025,39,93,57,2.5,26,44,043%,65.0,0.018880566012645796,8.295454545454545,HIGH,False,False,
Short Grain Rice,Grains & Pulses,Katz,805 Nancy Crossing,Backordered,46-520-1819,10-762-7936,7/4/2024,10/4/2024,5/15/2024,41,36,78,4.5,38,75,-069%,171.0,0.049670412125575866,4.866666666666666,OK,False,False,
Tuna,Seafood,Meemm,8 Fremont Circle,Active,87-791-5803,89-843-0880,7/4/2024,3/9/2024,9/1/2024,25,44,96,18.0,36,16,-097%,648.0,0.18822471963376117,22.8125,HIGH,False,False,
Cauliflower,Fruits & Vegetables,Dynabox,52 Victoria Plaza,Discontinued,71-436-5841,87-546-9674,7/4/2024,9/25/2024,6/25/2024,87,91,94,2.5,47,4,056%,117.5,0.034130253945936634,91.25,HIGH,True,False,Consider rationalize / delist
Onion,Fruits & Vegetables,Wikizz,1991 Kropf Way,Active,07-679-1199,75-406-6250,7/4/2024,7/10/2024,10/15/2024,20,65,61,2.0,51,78,091%,102.0,0.02962796512753648,4.67948717948718,HIGH,False,False,
Banana,Fruits & Vegetables,Youfeed,3825 Raven Avenue,Discontinued,48-957-8596,40-817-2222,9/4/2024,4/24/2024,10/18/2024,95,25,91,53.82,87,5,-053%,4682.34,1.3600804532869526,73.0,OK,False,False,
Coconut,Fruits & Vegetables,Katz,78884 Union Street,Backordered,20-325-1965,97-155-1262,9/4/2024,4/4/2024,5/21/2024,56,75,13,5.0,42,53,094%,210.0,0.06099875173316333,6.886792452830188,HIGH,False,False,
Bread Flour,Grains & Pulses,Oloo,3 Anthes Place,Discontinued,51-069-0489,19-978-0708,10/4/2024,3/30/2024,5/30/2024,96,83,50,1.5,81,89,-026%,121.5,0.03529213493133022,4.101123595505618,OK,False,False,
Almond Flour,Grains & Pulses,Trudoo,4627 Amoth Circle,Active,17-493-4579,67-541-7091,10/4/2024,11/8/2024,5/28/2024,76,8,2,9.5,24,53,-010%,228.0,0.06622721616743447,6.886792452830188,OK,False,False,
Jasmine Rice,Grains & Pulses,Topdrive,2 Miller Lane,Discontinued,46-622-3434,85-473-1534,10/4/2024,12/8/2024,7/23/2024,17,19,74,4.75,58,27,-121%,275.5,0.08002455286898333,13.518518518518519,HIGH,False,False,
Avocado Oil,Oils & Fats,Dabjam,591 Maple Junction,Active,05-899-1428,17-494-5505,10/4/2024,1/25/2025,7/1/2024,14,75,10,10.0,65,62,053%,650.0,0.18880566012645794,5.887096774193548,HIGH,False,False,
Chocolate Biscuit,Bakery,Trunyx,48 Golf View Pass,Active,60-632-8752,07-948-8632,11/4/2024,4/4/2024,1/26/2025,96,16,48,5.0,45,68,005%,225.0,0.06535580542838929,5.367647058823529,OK,False,False,
Black Rice,Grains & Pulses,BlogXS,752 Mccormick Way,Backordered,65-854-9364,64-800-4141,11/4/2024,12/19/2024,4/22/2024,30,34,96,6.3,61,13,-051%,384.3,0.11162771567168892,28.076923076923077,HIGH,False,False,
Greek Yogurt,Dairy,Thoughtstorm,550 Clemons Plaza,Active,66-268-8345,32-182-1895,12/4/2024,6/2/2024,1/8/2025,91,84,11,3.0,56,90,079%,168.0,0.04879900138653067,4.055555555555555,OK,False,False,
Peach,Fruits & Vegetables,Youfeed,04 Hagan Crossing,Backordered,13-673-7016,78-726-6352,12/4/2024,7/22/2024,2/23/2025,47,67,57,4.0,36,48,-061%,144.0,0.04182771547416914,7.604166666666667,HIGH,False,False,
Chocolate Biscuit,Bakery,JumpXS,39 Lakewood Gardens Center,Discontinued,20-054-3716,49-591-1019,3/5/2024,9/16/2024,2/25/2024,11,6,100,5.0,88,24,-033%,440.0,0.12780690839329462,15.208333333333334,OK,False,False,
Plum,Fruits & Vegetables,Voomm,5104 Jana Court,Active,11-073-0189,75-190-3627,4/5/2024,9/21/2024,5/6/2024,95,50,76,4.0,69,5,073%,276.0,0.08016978799215753,73.0,OK,False,False,
Sour Cream,Dairy,Chatterbridge,68086 Crowley Circle,Discontinued,40-793-7235,89-048-3542,4/5/2024,12/9/2024,5/19/2024,92,67,51,4.0,23,78,093%,92.0,0.026723262664052512,4.67948717948718,OK,False,False,
Yogurt,Dairy,Skinte,897 Independence Circle,Backordered,56-894-3733,57-133-8386,4/5/2024,3/17/2024,2/2/2025,85,83,13,1.75,49,75,-239%,85.75,0.024907823624375026,4.866666666666666,OK,False,False,
Asparagus,Fruits & Vegetables,Yabox,0282 Emmet Hill,Backordered,83-117-7658,61-424-7670,4/5/2024,2/25/2024,12/19/2024,92,3,81,5.0,62,20,-053%,310.0,0.09004577636800302,18.25,OK,False,False,
Mushrooms,Fruits & Vegetables,Yakijo,61 Waubesa Court,Backordered,72-989-2512,03-117-6217,4/5/2024,6/27/2024,10/28/2024,24,21,4,6.0,85,17,068%,510.0,0.14813982563768238,21.470588235294116,OK,False,False,
Cream,Dairy,Bubblebox,1 Lillian Plaza,Backordered,58-229-1358,66-883-2383,4/5/2024,9/11/2024,9/28/2024,21,24,2,2.35,87,36,080%,204.45000000000002,0.05938664186592974,10.13888888888889,HIGH,False,True,Reorder / expedite replenishment
Anchovies,Seafood,Jatri,4 Doe Crossing Avenue,Active,28-275-5901,44-760-4337,4/5/2024,4/23/2024,1/24/2025,64,1,92,10.0,49,15,059%,490.0,0.14233042071071447,24.333333333333332,OK,False,False,
Black Tea,Beverages,Kare,24 South Trail,Active,85-806-8672,44-646-7502,4/5/2024,10/12/2024,11/21/2024,35,88,87,4.7,39,62,069%,183.3,0.05324319615566114,5.887096774193548,HIGH,False,False,
Olive Oil,Oils & Fats,Midel,8626 Chinook Parkway,Active,65-718-0492,91-492-8216,5/5/2024,1/23/2025,2/16/2025,100,92,26,6.0,84,9,-059%,504.0,0.146397004159592,40.55555555555556,OK,False,False,
White Tea,Beverages,Brightbean,5501 Fuller Way,Backordered,86-482-6451,56-965-0404,5/5/2024,10/27/2024,8/10/2024,91,78,61,25.0,63,15,089%,1575.0,0.457490637998725,24.333333333333332,OK,False,False,
Vegetable Oil,Oils & Fats,Browseblab,5 Colorado Park,Active,48-289-0604,94-261-1193,5/5/2024,8/12/2024,6/20/2024,18,72,71,2.0,25,81,076%,50.0,0.014523512317419843,4.506172839506172,HIGH,False,False,
White Rice,Grains & Pulses,Tagcat,3053 Sachs Center,Discontinued,21-809-7115,57-774-4116,5/5/2024,7/22/2024,2/24/2025,80,86,50,1.8,46,69,-224%,82.8,0.024050936397647257,5.2898550724637685,HIGH,False,False,
Long Grain Rice,Grains & Pulses,Flashspan,49263 Graceland Pass,Discontinued,84-269-9130,88-615-2915,6/5/2024,9/27/2024,8/2/2024,11,10,80,1.5,48,65,-050%,72.0,0.02091385773708457,5.615384615384615,OK,False,False,
Chocolate Biscuit,Bakery,Devcast,865 Eagle Crest Park,Backordered,54-758-4622,94-903-2643,6/5/2024,1/16/2025,11/21/2024,99,3,79,5.0,65,16,-035%,325.0,0.09440283006322897,22.8125,OK,False,False,
Peach,Fruits & Vegetables,Livepath,36124 Carberry Junction,Active,65-867-4029,70-591-9841,6/5/2024,9/3/2024,6/16/2024,40,83,50,4.0,92,50,075%,368.0,0.10689305065621005,7.3,HIGH,False,True,Reorder / expedite replenishment
Rye Bread,Bakery,Brainlounge,6 Haas Circle,Backordered,24-310-9184,69-378-2045,7/5/2024,7/26/2024,4/8/2024,69,65,91,3.0,98,50,046%,294.0,0.08539825242642866,7.3,OK,False,False,
Egg (Goose),Dairy,Gabvine,292 Utah Street,Active,53-930-2215,42-210-6541,7/5/2024,10/4/2024,7/9/2024,60,43,32,2.5,77,60,049%,192.5,0.05591552242206639,6.083333333333333,OK,False,False,
Brown Rice,Grains & Pulses,Viva,7403 Fuller Hill,Discontinued,94-598-3383,39-488-0039,7/5/2024,10/8/2024,9/1/2024,79,38,67,2.5,43,93,022%,107.5,0.03122555148245266,3.924731182795699,OK,False,False,
Asparagus,Fruits & Vegetables,Realmix,2696 Katie Road,Backordered,83-625-3618,64-528-9996,8/5/2024,1/11/2025,7/4/2024,68,12,73,5.0,84,95,-116%,420.0,0.12199750346632666,3.8421052631578947,OK,False,False,
Sardines,Seafood,Browsetype,86207 Tennyson Parkway,Active,13-844-2178,66-832-1802,9/5/2024,9/21/2024,3/24/2024,44,67,48,6.0,90,11,-013%,540.0,0.1568539330281343,33.18181818181818,HIGH,False,True,Reorder / expedite replenishment
Black Coffee,Beverages,Skyndu,57 Di Loreto Circle,Active,05-184-4175,31-676-5646,9/5/2024,10/23/2024,5/3/2024,40,30,60,15.0,33,84,088%,495.0,0.14378277194245645,4.345238095238095,OK,False,False,
Brown Rice,Grains & Pulses,Fivebridge,9 Kipling Road,Active,89-335-0155,83-780-4531,9/5/2024,9/11/2024,1/16/2025,46,81,47,2.5,48,48,-155%,120.0,0.03485642956180762,7.604166666666667,HIGH,False,False,
White Sugar,Grains & Pulses,Dazzlesphere,1309 Elka Junction,Backordered,38-417-4656,57-202-5756,10/5/2024,4/13/2024,12/23/2024,24,69,2,2.0,20,20,000%,40.0,0.011618809853935874,18.25,HIGH,False,False,
Green Coffee,Beverages,Photobean,744 Lakewood Gardens Crossing,Active,74-305-1263,83-076-5024,10/5/2024,7/10/2024,8/16/2024,29,91,48,12.0,28,40,000%,336.0,0.09759800277306134,9.125,HIGH,False,False,
Egg (Quail),Dairy,Realpoint,895 Northland Hill,Discontinued,02-508-3777,69-933-2582,11/5/2024,7/7/2024,6/26/2024,97,88,81,0.8,97,18,-043%,77.60000000000001,0.022540491116635596,20.27777777777778,OK,False,False,
Herbal Tea,Beverages,Pixonyx,26175 Oxford Way,Discontinued,79-136-9840,07-809-0926,11/5/2024,8/19/2024,6/23/2024,77,45,75,30.0,25,37,081%,750.0,0.21785268476129765,9.864864864864865,OK,False,False,
Coconut Oil,Oils & Fats,Gevee,95 Packers Lane,Discontinued,35-299-0889,16-776-9987,11/5/2024,7/11/2024,4/21/2024,33,78,79,5.0,60,25,-048%,300.0,0.08714107390451906,14.6,HIGH,False,False,
Egg (Duck),Dairy,Blogtags,9 Clemons Hill,Discontinued,41-594-5069,45-471-5053,11/5/2024,2/5/2025,3/21/2024,77,1,41,1.0,58,55,058%,58.0,0.016847274288207016,6.636363636363637,OK,False,False,
Buttermilk,Dairy,Zoombox,84336 Haas Place,Active,83-553-9523,89-976-4338,11/5/2024,2/14/2025,1/28/2025,28,90,70,2.45,76,78,005%,186.20000000000002,0.0540855598700715,4.67948717948718,HIGH,False,False,
Tuna,Seafood,Realmix,63787 Arkansas Street,Discontinued,44-112-3331,90-453-4096,11/5/2024,7/2/2024,4/8/2024,85,17,96,18.0,92,34,-003%,1656.0,0.4810187279529452,10.735294117647058,OK,False,False,
Mango,Fruits & Vegetables,Skalith,54706 Prairieview Point,Active,93-198-5984,86-441-7850,11/5/2024,5/14/2024,9/17/2024,73,69,1,5.0,50,67,063%,250.0,0.07261756158709921,5.447761194029851,OK,False,False,
Pomegranate,Fruits & Vegetables,Twitterwire,901 Norway Maple Crossing,Backordered,73-874-7534,12-566-2563,11/5/2024,11/8/2024,12/18/2024,88,24,44,6.0,72,88,-034%,432.0,0.12548314642250744,4.1477272727272725,OK,False,False,
Evaporated Milk,Dairy,Demivee,55309 6th Junction,Active,18-107-7886,11-466-3182,11/5/2024,11/7/2024,2/27/2024,64,28,35,2.0,74,50,-022%,148.0,0.04298959645956273,7.3,OK,False,False,
Robusta Coffee,Beverages,Jetwire,6808 Chinook Parkway,Backordered,63-956-0739,17-123-1252,12/5/2024,2/21/2025,12/22/2024,68,12,42,10.0,39,6,032%,390.0,0.11328339607587477,60.833333333333336,OK,False,False,
Cucumber,Fruits & Vegetables,Skinte,61707 Mariners Cove Park,Discontinued,26-177-5690,06-708-1412,3/6/2024,7/15/2024,1/21/2025,85,33,50,1.8,64,38,085%,115.2,0.03346217237933532,9.605263157894736,OK,False,False,
Powdered Sugar,Grains & Pulses,Devbug,502 Sachs Circle,Backordered,47-749-3277,96-551-3929,3/6/2024,2/29/2024,9/13/2024,46,20,30,2.5,54,24,041%,135.0,0.039213483257033575,15.208333333333334,OK,False,False,
Cod,Seafood,Kwimbee,46 Colorado Place,Discontinued,57-763-5501,25-790-1641,3/6/2024,4/7/2024,3/24/2024,72,29,10,8.0,54,38,056%,432.0,0.12548314642250744,9.605263157894736,OK,False,False,
Long Grain Rice,Grains & Pulses,Voonyx,00397 Bay Terrace,Discontinued,90-230-9767,70-515-9048,4/6/2024,5/1/2024,11/17/2024,67,88,32,1.5,66,42,030%,99.0,0.02875655438849129,8.69047619047619,HIGH,False,False,
Pear,Fruits & Vegetables,Gigashots,7 Bonner Terrace,Backordered,19-214-5762,88-108-3774,4/6/2024,4/24/2024,10/13/2024,41,52,75,4.5,57,62,036%,256.5,0.07450561818836379,5.887096774193548,HIGH,False,False,
Cauliflower,Fruits & Vegetables,Skinix,6292 Chive Street,Backordered,74-642-2435,52-012-3409,4/6/2024,12/28/2024,4/8/2024,66,31,18,2.5,85,39,-009%,212.5,0.06172492734903433,9.35897435897436,OK,False,False,
Black Coffee,Beverages,Digitube,0023 Upham Road,Active,47-221-3391,21-450-5520,4/6/2024,7/9/2024,9/12/2024,78,38,27,15.0,54,42,054%,810.0,0.23528089954220144,8.69047619047619,OK,False,False,
Whole Wheat Flour,Grains & Pulses,Rhyloo,0 Moose Lane,Backordered,87-104-0187,41-881-1166,4/6/2024,5/28/2024,2/5/2025,86,100,78,2.75,52,91,022%,143.0,0.04153724522782075,4.010989010989011,HIGH,False,False,
Egg (Goose),Dairy,Skalith,4 Nelson Alley,Discontinued,87-272-6544,93-699-8001,5/6/2024,5/3/2024,2/13/2025,90,3,49,2.5,51,87,-075%,127.5,0.037034956409420595,4.195402298850575,OK,False,False,
Wild Rice,Grains & Pulses,Podcat,84 Rusk Terrace,Active,06-340-6856,11-005-7835,5/6/2024,11/25/2024,2/29/2024,41,56,12,9.75,93,88,-071%,906.75,0.26338389587640887,4.1477272727272725,HIGH,False,True,Reorder / expedite replenishment
Black Rice,Grains & Pulses,Wordware,662 Vernon Point,Active,80-020-8041,66-684-1941,6/6/2024,12/3/2024,7/8/2024,11,58,26,6.2,49,34,005%,303.8,0.08824486084064297,10.735294117647058,HIGH,False,False,
Kiwi,Fruits & Vegetables,Zooveo,42719 Milwaukee Avenue,Discontinued,48-461-3742,78-381-5054,7/6/2024,5/17/2024,1/23/2025,37,8,50,6.0,47,62,031%,282.0,0.08191260947024791,5.887096774193548,OK,False,False,
Lemon,Fruits & Vegetables,Vimbo,86 Corben Crossing,Backordered,78-362-8578,57-633-6273,7/6/2024,11/17/2024,4/10/2024,72,32,80,2.45,25,9,-032%,61.25000000000001,0.01779130258883931,40.55555555555556,OK,False,False,
Haddock,Seafood,Kwimbee,1 Monica Lane,Backordered,60-550-4771,24-568-9517,7/6/2024,10/3/2024,8/24/2024,75,80,87,9.0,49,40,064%,441.0,0.12809737863964302,9.125,HIGH,False,False,
Arabica Coffee,Beverages,Feedfire,321 Barby Parkway,Active,11-155-7826,91-788-3177,7/6/2024,1/31/2025,12/26/2024,98,83,5,20.0,39,79,018%,780.0,0.22656679215174955,4.620253164556962,OK,False,False,
Coconut Oil,Oils & Fats,Bluejam,093 Anhalt Crossing,Active,42-907-6946,32-386-9832,7/6/2024,1/1/2025,8/31/2024,90,75,6,5.0,55,64,-103%,275.0,0.07987931774580913,5.703125,OK,False,False,
Tomato,Fruits & Vegetables,Demimbu,43 Lakewood Junction,Discontinued,99-048-8310,70-453-8646,7/6/2024,4/22/2024,5/27/2024,32,49,73,2.5,80,36,-016%,200.0,0.05809404926967937,10.13888888888889,HIGH,False,True,Reorder / expedite replenishment
Gouda Cheese,Dairy,Kamba,6151 Forster Drive,Backordered,85-440-3667,00-680-5333,8/6/2024,6/3/2024,9/9/2024,68,29,31,7.0,53,20,055%,371.0,0.10776446139525522,18.25,OK,False,False,
Sushi Rice,Grains & Pulses,Quire,76 Fisk Park,Backordered,93-571-7294,77-842-0920,9/6/2024,11/3/2024,5/22/2024,78,94,7,4.35,69,40,062%,300.15,0.08718464444147131,9.125,HIGH,False,False,
Spinach,Fruits & Vegetables,Shuffledrive,58 Corscot Terrace,Active,82-977-7752,57-473-8672,9/6/2024,12/28/2024,11/4/2024,88,78,17,2.5,58,21,042%,145.0,0.04211818572051754,17.38095238095238,OK,False,False,
Chocolate Biscuit,Bakery,Photobean,0 Larry Terrace,Backordered,76-476-9996,88-428-6227,10/6/2024,1/14/2025,12/6/2024,37,96,82,5.0,35,23,064%,175.0,0.05083229311096945,15.869565217391305,HIGH,False,False,
Canola Oil,Oils & Fats,Thoughtmix,20 Butterfield Lane,Active,50-679-2072,81-588-5701,10/6/2024,5/3/2024,5/30/2024,97,32,43,2.3,82,98,034%,188.6,0.05478268846130764,3.7244897959183674,OK,False,False,
Milk,Dairy,Jatri,591 Maple Wood Drive,Backordered,50-329-3145,88-418-3855,11/6/2024,12/20/2024,4/21/2024,12,54,48,1.0,31,88,-020%,31.0,0.009004577636800301,4.1477272727272725,HIGH,False,False,
All-Purpose Flour,Grains & Pulses,Pixonyx,336 Old Shore Lane,Active,52-392-5312,78-092-4768,11/6/2024,2/19/2025,7/24/2024,50,42,20,1.75,87,59,-184%,152.25,0.04422409500654342,6.186440677966102,OK,False,False,
Basmati Rice,Grains & Pulses,Kanoodle,6500 Raven Drive,Discontinued,47-663-5703,52-062-2916,12/6/2024,6/14/2024,9/14/2024,15,49,40,4.5,68,74,032%,306.0,0.08888389538260943,4.9324324324324325,HIGH,False,False,
Black Tea,Beverages,Ozu,96 American Ash Center,Discontinued,58-122-2282,55-773-9118,12/6/2024,6/30/2024,6/12/2024,59,20,17,5.0,45,15,-009%,225.0,0.06535580542838929,24.333333333333332,OK,False,False,
Brown Rice,Grains & Pulses,Avamm,12 Rigney Street,Active,84-151-2114,79-704-1471,12/6/2024,3/6/2024,8/11/2024,39,57,54,2.5,77,32,067%,192.5,0.05591552242206639,11.40625,HIGH,False,False,
Lime,Fruits & Vegetables,Roomm,2718 Londonderry Plaza,Backordered,93-682-2069,60-038-7810,12/6/2024,6/23/2024,8/16/2024,76,39,15,2.0,77,70,058%,154.0,0.04473241793765311,5.214285714285714,OK,False,False,
Peach,Fruits & Vegetables,Browsetype,41 Stephen Crossing,Backordered,48-789-9187,95-944-5323,12/6/2024,6/26/2024,11/15/2024,45,79,95,4.0,84,62,009%,336.0,0.09759800277306134,5.887096774193548,HIGH,False,True,Reorder / expedite replenishment
Oatmeal Biscuit,Bakery,Kwimbee,9269 Main Trail,Active,85-806-0613,06-286-2758,3/7/2024,1/1/2025,4/26/2024,41,21,47,5.0,50,99,026%,250.0,0.07261756158709921,3.686868686868687,OK,False,False,
Herbal Tea,Beverages,Wikido,620 Mockingbird Pass,Active,19-244-9890,98-107-0604,3/7/2024,10/2/2024,11/9/2024,61,22,98,30.0,90,11,-098%,2700.0,0.7842696651406714,33.18181818181818,OK,False,False,
Mushrooms,Fruits & Vegetables,Youfeed,37973 Parkside Junction,Active,60-285-3783,58-827-9061,4/7/2024,3/28/2024,1/15/2025,51,62,95,6.0,52,21,088%,312.0,0.09062671686069981,17.38095238095238,HIGH,False,False,
White Rice,Grains & Pulses,Wikibox,18 Comanche Junction,Backordered,34-547-0827,30-853-8580,4/7/2024,1/17/2025,7/5/2024,54,53,33,1.8,94,82,060%,169.20000000000002,0.04914756568214875,4.451219512195122,OK,False,False,
Lemon,Fruits & Vegetables,Meejo,30968 Anzinger Court,Discontinued,06-731-2162,17-546-8875,4/7/2024,10/7/2024,7/19/2024,87,1,98,2.5,61,84,013%,152.5,0.044296712568130524,4.345238095238095,OK,False,False,
Canola Oil,Oils & Fats,Omba,339 Paget Place,Discontinued,48-193-1199,63-924-5144,5/7/2024,12/24/2024,6/9/2024,46,51,92,2.3,47,25,-038%,108.1,0.03139983363026169,14.6,HIGH,False,False,
White Sugar,Grains & Pulses,Wordtune,2693 6th Court,Discontinued,40-003-7322,41-644-3129,5/7/2024,2/16/2025,10/11/2024,13,32,79,2.0,38,61,047%,76.0,0.022075738722478158,5.983606557377049,HIGH,False,False,
Grapes,Fruits & Vegetables,Riffwire,1 Elmside Parkway,Discontinued,91-417-0366,28-442-2578,6/7/2024,12/7/2024,12/4/2024,25,74,100,5.5,41,59,-061%,225.5,0.06550104055156349,6.186440677966102,HIGH,False,False,
Kale,Fruits & Vegetables,Devshare,5325 Milwaukee Lane,Discontinued,24-571-1080,07-520-1107,6/7/2024,2/21/2025,4/11/2024,60,15,89,4.0,21,29,-044%,84.0,0.024399500693265335,12.586206896551724,OK,False,False,
Long Grain Rice,Grains & Pulses,Yodoo,38 Superior Road,Discontinued,22-083-3347,01-431-7544,7/7/2024,4/29/2024,4/30/2024,69,82,58,1.5,34,22,-038%,51.0,0.01481398256376824,16.59090909090909,HIGH,False,False,
Sushi Rice,Grains & Pulses,Talane,96629 Nova Plaza,Discontinued,09-101-1740,63-836-1262,7/7/2024,12/20/2024,8/31/2024,36,81,54,4.75,73,60,035%,346.75,0.10072055792130662,6.083333333333333,HIGH,False,False,
Whole Wheat Bread,Bakery,Photobug,657 Texas Street,Backordered,17-274-6898,34-738-1209,7/7/2024,6/1/2024,3/22/2024,36,53,92,3.5,67,43,018%,234.5,0.06811527276869907,8.488372093023257,HIGH,False,False,
Kale,Fruits & Vegetables,Dabshots,17 Reinke Circle,Backordered,38-655-2312,91-127-7174,8/7/2024,4/9/2024,10/18/2024,79,74,87,4.0,80,26,036%,320.0,0.092950478831487,14.038461538461538,OK,False,False,
Egg (Turkey),Dairy,Katz,3 Bellgrove Way,Active,60-327-4114,59-968-8346,9/7/2024,11/22/2024,10/17/2024,63,7,23,2.35,78,100,068%,183.3,0.05324319615566114,3.65,OK,False,False,
Green Beans,Fruits & Vegetables,Viva,00 Ridgeway Plaza,Discontinued,54-281-3746,08-824-4585,9/7/2024,3/10/2024,11/3/2024,26,70,52,2.0,36,10,-028%,72.0,0.02091385773708457,36.5,HIGH,False,False,
Spinach,Fruits & Vegetables,Devshare,42 Bunker Hill Junction,Discontinued,25-349-7974,82-737-6019,10/7/2024,5/28/2024,6/22/2024,72,70,99,2.5,82,32,072%,205.0,0.059546400501421355,11.40625,OK,False,False,
Apricot,Fruits & Vegetables,Quinu,701 Logan Court,Active,16-380-0753,24-603-5521,10/7/2024,5/16/2024,5/8/2024,38,22,71,5.0,33,62,061%,165.0,0.04792759064748548,5.887096774193548,OK,False,False,
Oatmeal Biscuit,Bakery,Trunyx,6 Lillian Junction,Active,38-049-9319,90-447-5123,11/7/2024,4/29/2024,5/9/2024,82,6,53,5.0,21,58,-088%,105.0,0.030499375866581666,6.293103448275862,OK,False,False,
Wild Rice,Grains & Pulses,Topdrive,72 Crownhardt Circle,Active,50-329-3360,85-594-2570,11/7/2024,2/16/2025,8/25/2024,19,77,66,10.0,62,100,-176%,620.0,0.18009155273600605,3.65,HIGH,False,False,
Whole Wheat Bread,Bakery,Mybuzz,8524 Shelley Way,Active,19-610-2236,53-799-3174,12/7/2024,8/3/2024,3/19/2024,58,48,9,3.5,98,69,-061%,343.0,0.0996312944975001,5.2898550724637685,OK,False,False,
Whipped Cream,Dairy,Skippad,9 Meadow Ridge Center,Active,46-632-8420,27-996-8883,3/8/2024,12/21/2024,5/23/2024,98,24,4,4.1,89,80,030%,364.9,0.10599259289252999,4.5625,OK,False,False,
Apple,Fruits & Vegetables,Jabbersphere,2 Hooker Terrace,Active,14-836-2894,82-157-4299,3/8/2024,1/11/2025,9/25/2024,44,92,92,3.5,41,61,010%,143.5,0.04168248035099495,5.983606557377049,HIGH,False,False,
Peas,Fruits & Vegetables,Youbridge,56 Esker Park,Backordered,08-196-2703,34-315-1199,3/8/2024,11/29/2024,10/17/2024,100,52,2,3.0,86,70,-049%,258.0,0.0749413235578864,5.214285714285714,OK,False,False,
Robusta Coffee,Beverages,Photofeed,236 Gateway Lane,Discontinued,87-097-5691,26-213-7885,4/8/2024,8/29/2024,3/26/2024,62,78,97,10.0,62,97,019%,620.0,0.18009155273600605,3.7628865979381443,HIGH,False,False,
Tomato,Fruits & Vegetables,Quatz,2 Sunbrook Lane,Backordered,04-453-5485,43-880-2879,4/8/2024,1/10/2025,4/2/2024,84,20,58,2.5,86,64,-056%,215.0,0.06245110296490532,5.703125,OK,False,False,
Cottage Cheese,Dairy,Feedmix,6172 Hovde Circle,Backordered,82-678-8097,65-403-0311,4/8/2024,8/24/2024,4/5/2024,68,82,58,4.8,90,2,026%,432.0,0.12548314642250744,182.5,HIGH,True,True,Reorder / expedite replenishment
Pineapple,Fruits & Vegetables,Bubblemix,4 Sundown Place,Active,43-703-9939,69-928-4929,5/8/2024,5/22/2024,2/17/2025,55,91,35,3.5,81,19,098%,283.5,0.08234831483977051,19.210526315789473,HIGH,False,True,Reorder / expedite replenishment
Multigrain Bread,Bakery,Topicware,8 Mayer Trail,Active,28-433-8533,81-694-0300,5/8/2024,2/27/2024,2/2/2025,87,70,77,3.2,73,44,077%,233.60000000000002,0.06785384954698552,8.295454545454545,OK,False,False,
Almond Flour,Grains & Pulses,Shuffledrive,2 Veith Crossing,Active,74-234-0628,49-559-7092,5/8/2024,12/15/2024,5/13/2024,12,56,92,9.5,56,6,040%,532.0,0.15453017105734712,60.833333333333336,HIGH,False,False,
Cauliflower,Fruits & Vegetables,Photobug,880 Calypso Road,Backordered,02-888-9412,22-307-4653,6/8/2024,3/28/2024,2/4/2025,95,66,69,2.48,92,72,089%,228.16,0.06627369140685023,5.069444444444445,OK,False,False,
Mango,Fruits & Vegetables,Wordtune,44051 Old Shore Junction,Backordered,80-658-6456,42-080-6579,6/8/2024,5/19/2024,12/10/2024,84,9,46,5.0,30,68,022%,150.0,0.04357053695225953,5.367647058823529,OK,False,False,
Black Rice,Grains & Pulses,Reallinks,2446 Anhalt Way,Discontinued,70-587-1204,41-399-9203,7/8/2024,7/15/2024,6/23/2024,68,68,97,6.0,37,31,-127%,222.0,0.0644843946893441,11.774193548387096,HIGH,False,False,
Black Coffee,Beverages,Youfeed,5 Anderson Trail,Active,88-951-9038,14-713-5795,7/8/2024,10/11/2024,2/11/2025,11,72,5,15.0,89,4,016%,1335.0,0.3877777788751098,91.25,HIGH,True,True,Reorder / expedite replenishment
Palm Oil,Oils & Fats,Wordware,70156 7th Junction,Discontinued,45-317-9731,05-779-0378,7/8/2024,1/7/2025,8/20/2024,44,83,78,1.8,46,4,096%,82.8,0.024050936397647257,91.25,HIGH,True,False,Consider rationalize / delist
Orange,Fruits & Vegetables,Oloo,183 Buell Park,Discontinued,63-874-9747,22-506-4911,7/8/2024,12/9/2024,11/11/2024,36,59,90,3.0,25,60,091%,75.0,0.021785268476129764,6.083333333333333,HIGH,False,False,
Peach,Fruits & Vegetables,Blogpad,832 Goodland Alley,Discontinued,44-546-5713,61-382-5182,7/8/2024,1/16/2025,2/13/2025,94,69,68,4.0,24,20,-140%,96.0,0.027885143649446095,18.25,OK,False,False,
Powdered Sugar,Grains & Pulses,Meeveo,836 Brown Alley,Discontinued,23-070-2433,82-235-9317,8/8/2024,4/11/2024,12/28/2024,68,7,37,2.5,69,1,017%,172.5,0.05010611749509846,365.0,OK,True,False,Consider rationalize / delist
Tilapia,Seafood,InnoZ,10997 Dexter Parkway,Active,91-257-3672,30-438-6295,8/8/2024,12/18/2024,7/5/2024,78,75,3,7.0,63,100,099%,441.0,0.12809737863964302,3.65,OK,False,False,
Banana,Fruits & Vegetables,Skinix,154 Delladonna Hill,Backordered,69-561-2496,38-790-7081,8/8/2024,3/18/2024,12/9/2024,82,29,62,15.31,77,27,-059%,1178.8700000000001,0.34242665931273464,13.518518518518519,OK,False,False,
Sushi Rice,Grains & Pulses,Tekfly,07855 Goodland Lane,Active,87-013-6488,77-471-0792,8/8/2024,10/26/2024,4/14/2024,22,10,53,4.25,64,7,065%,272.0,0.07900790700676395,52.142857142857146,OK,False,False,
Arabica Coffee,Beverages,Voomm,993 Kensington Drive,Discontinued,31-969-4614,83-104-8425,9/8/2024,6/6/2024,1/15/2025,62,89,6,20.0,23,11,089%,460.0,0.13361631332026255,33.18181818181818,HIGH,False,False,
Evaporated Milk,Dairy,Miboo,779 Ridgeway Street,Backordered,96-209-1739,82-930-7733,9/8/2024,2/27/2024,2/29/2024,70,81,75,2.0,24,54,052%,48.0,0.013942571824723048,6.7592592592592595,HIGH,False,False,
Bread Flour,Grains & Pulses,Mydeo,81878 Nobel Point,Discontinued,20-022-3173,54-188-1006,10/8/2024,11/10/2024,2/22/2025,21,63,65,1.5,38,73,-125%,57.0,0.01655680404185862,5.0,HIGH,False,False,
Pear,Fruits & Vegetables,Riffwire,6 Charing Cross Circle,Active,44-552-3909,80-863-1186,10/8/2024,2/26/2024,1/19/2025,61,50,9,4.5,24,92,-092%,108.0,0.03137078660562686,3.967391304347826,OK,False,False,
Asparagus,Fruits & Vegetables,Zoomzone,1519 Delaware Court,Backordered,40-902-1995,86-879-7811,10/8/2024,12/8/2024,4/1/2024,46,88,20,4.8,59,79,-283%,283.2,0.08226117376586599,4.620253164556962,HIGH,False,False,
Jasmine Rice,Grains & Pulses,Tagcat,2 Fair Oaks Pass,Discontinued,07-846-4804,30-605-2164,10/8/2024,7/2/2024,9/25/2024,20,25,73,4.75,78,1,-034%,370.5,0.10761922627208102,365.0,HIGH,True,True,Reorder / expedite replenishment
Sweet Potato,Fruits & Vegetables,Jaxworks,18 Daystar Parkway,Active,17-504-3699,81-276-8218,10/8/2024,6/15/2024,8/17/2024,80,60,71,2.0,98,13,099%,196.0,0.05693216828428578,28.076923076923077,OK,False,False,
Whipped Cream,Dairy,Feedbug,7 Spohn Avenue,Backordered,55-522-8242,48-884-5431,11/8/2024,3/30/2024,9/7/2024,29,36,40,4.0,60,96,087%,240.0,0.06971285912361525,3.8020833333333335,HIGH,False,False,
Apple,Fruits & Vegetables,Chatterpoint,39 Dahle Alley,Discontinued,17-022-9721,59-629-0798,11/8/2024,12/13/2024,1/12/2025,43,63,99,3.5,39,77,-060%,136.5,0.03964918862655617,4.740259740259741,HIGH,False,False,
Sunflower Oil,Oils & Fats,Skibox,27408 Burning Wood Street,Discontinued,03-940-0630,49-762-8263,11/8/2024,10/31/2024,4/3/2024,23,43,75,2.5,91,86,-097%,227.5,0.06608198104426027,4.244186046511628,HIGH,False,True,Reorder / expedite replenishment
Long Grain Rice,Grains & Pulses,Brightbean,3 Westerfield Crossing,Active,71-594-6552,63-492-7603,12/8/2024,2/19/2025,4/17/2024,12,59,62,1.5,95,99,005%,142.5,0.04139201010464655,3.686868686868687,HIGH,False,True,Reorder / expedite replenishment
White Tea,Beverages,Skipstorm,5756 Stephen Avenue,Active,20-225-3930,73-069-2753,12/8/2024,2/29/2024,3/17/2024,99,87,10,25.0,93,70,-004%,2325.0,0.6753433227600226,5.214285714285714,OK,False,False,
Grapes,Fruits & Vegetables,Flipopia,84239 Meadow Vale Trail,Backordered,53-151-5726,93-180-4005,12/8/2024,1/12/2025,4/20/2024,37,45,62,5.5,34,23,025%,187.0,0.054317936067150206,15.869565217391305,HIGH,False,False,
Basmati Rice,Grains & Pulses,Skidoo,4784 Farmco Alley,Backordered,77-777-4536,64-396-5538,12/8/2024,9/12/2024,4/4/2024,26,67,46,4.4,54,46,032%,237.60000000000002,0.0690157305323791,7.934782608695652,HIGH,False,False,
Egg (Quail),Dairy,Trunyx,79 Monterey Avenue,Active,07-834-3320,47-831-9154,12/8/2024,3/7/2024,9/20/2024,94,60,78,0.8,100,42,015%,80.0,0.02323761970787175,8.69047619047619,OK,False,False,
Egg (Goose),Dairy,Youopia,587 Vermont Terrace,Backordered,51-761-6320,28-461-1136,3/9/2024,8/30/2024,6/22/2024,43,78,85,2.5,48,98,058%,120.0,0.03485642956180762,3.7244897959183674,HIGH,False,False,
Digestive Biscuit,Bakery,Eimbee,983 Sommers Circle,Discontinued,34-291-4939,39-284-1614,3/9/2024,11/24/2024,2/13/2025,34,49,27,4.0,78,20,-104%,312.0,0.09062671686069981,18.25,HIGH,False,True,Reorder / expedite replenishment
Cabbage,Fruits & Vegetables,Chatterbridge,51890 Lindbergh Terrace,Active,67-025-1245,28-575-0716,4/9/2024,3/6/2024,8/12/2024,88,46,55,1.0,73,63,074%,73.0,0.02120432798343297,5.7936507936507935,OK,False,False,
Plum,Fruits & Vegetables,Thoughtbeat,95 Kingsford Terrace,Discontinued,63-936-0145,69-415-3675,4/9/2024,6/8/2024,12/3/2024,22,56,72,4.0,70,39,014%,280.0,0.08133166897755112,9.35897435897436,HIGH,False,False,
Potato,Fruits & Vegetables,Thoughtbridge,12710 Gulseth Circle,Active,27-495-1912,34-667-8907,5/9/2024,2/29/2024,5/24/2024,26,63,88,1.2,84,70,044%,100.8,0.029279400831918403,5.214285714285714,HIGH,False,True,Reorder / expedite replenishment
Haddock,Seafood,Babbleopia,1 Westport Crossing,Active,47-554-5780,62-979-5038,6/9/2024,6/22/2024,4/17/2024,93,62,65,9.0,78,87,017%,702.0,0.20391011293657457,4.195402298850575,OK,False,False,
Cabbage,Fruits & Vegetables,Meevee,84305 Fair Oaks Plaza,Backordered,21-013-3508,64-489-8494,6/9/2024,6/13/2024,11/10/2024,12,95,49,1.0,25,23,-012%,25.0,0.007261756158709921,15.869565217391305,HIGH,False,False,
Evaporated Milk,Dairy,Centimia,15 Oriole Park,Discontinued,39-913-2999,74-119-8973,6/9/2024,4/6/2024,4/10/2024,23,99,97,2.0,68,76,008%,136.0,0.039503953503381976,4.802631578947368,HIGH,False,False,
Chocolate Biscuit,Bakery,Vidoo,43442 Homewood Street,Active,82-395-5070,01-801-9502,7/9/2024,2/17/2025,2/20/2025,75,81,17,5.0,69,38,-012%,345.0,0.10021223499019692,9.605263157894736,HIGH,False,False,
Sourdough Bread,Bakery,Meevee,56830 Fremont Road,Backordered,62-100-2245,18-110-8314,7/9/2024,11/8/2024,7/12/2024,22,60,73,4.2,62,3,045%,260.40000000000003,0.07563845214912254,121.66666666666667,HIGH,True,False,Consider rationalize / delist
Grapes,Fruits & Vegetables,Aibox,10 Golf Course Hill,Backordered,09-712-3630,17-807-6972,7/9/2024,3/25/2024,9/30/2024,87,62,2,5.5,22,38,095%,121.0,0.03514689980815602,9.605263157894736,OK,False,False,
Eggplant,Fruits & Vegetables,Topicblab,357 Maple Park,Active,25-010-9478,24-576-3402,8/9/2024,10/13/2024,7/31/2024,74,30,24,3.0,82,12,-073%,246.0,0.07145568060170562,30.416666666666668,OK,False,False,
Halibut,Seafood,Wikibox,7 Riverside Road,Active,03-919-9890,69-289-8783,8/9/2024,12/7/2024,7/25/2024,47,29,70,20.0,61,44,085%,1220.0,0.3543737005450442,8.295454545454545,OK,False,False,
Salmon,Seafood,Kamba,4353 Dixon Circle,Active,61-293-6327,00-023-7719,8/9/2024,12/29/2024,4/4/2024,98,67,49,15.0,21,61,028%,315.0,0.091498127599745,5.983606557377049,OK,False,False,
Broccoli,Fruits & Vegetables,Abatz,89 Karstens Alley,Discontinued,08-519-5579,32-178-2765,8/9/2024,8/22/2024,8/16/2024,35,4,76,4.0,90,30,-190%,360.0,0.10456928868542287,12.166666666666666,OK,False,False,
Grapes,Fruits & Vegetables,Kimia,898 Rowland Trail,Active,00-366-9496,40-515-1141,8/9/2024,2/8/2025,12/28/2024,30,66,28,5.5,63,98,067%,346.5,0.10064794035971952,3.7244897959183674,HIGH,False,False,
Pomegranate,Fruits & Vegetables,Flipopia,92655 Pond Park,Discontinued,28-840-6096,15-444-8224,9/9/2024,2/14/2025,9/12/2024,19,65,48,6.0,59,53,-056%,354.0,0.10282646720733248,6.886792452830188,HIGH,False,False,
Bread Flour,Grains & Pulses,Eidel,403 Loomis Way,Backordered,04-542-3863,55-952-9832,10/9/2024,12/11/2024,12/22/2024,34,46,45,1.5,49,25,010%,73.5,0.021349563106607166,14.6,HIGH,False,False,
Cheddar Cheese,Dairy,Jayo,87784 Blaine Way,Backordered,18-199-5799,76-870-2139,10/9/2024,4/28/2024,10/30/2024,40,81,40,9.0,40,48,049%,360.0,0.10456928868542287,7.604166666666667,HIGH,False,False,
Brown Rice,Grains & Pulses,Youtags,32 Cottonwood Pass,Active,56-875-3717,39-257-6162,10/9/2024,8/1/2024,5/3/2024,89,54,15,2.5,64,63,-020%,160.0,0.0464752394157435,5.7936507936507935,OK,False,False,
Gouda Cheese,Dairy,Kazu,890 Eggendart Pass,Discontinued,25-522-6043,29-122-7037,10/9/2024,8/19/2024,2/3/2025,71,93,75,7.0,77,58,002%,539.0,0.1565634627817859,6.293103448275862,HIGH,False,False,
Feta Cheese,Dairy,Quaxo,4 Duke Way,Discontinued,27-459-0724,45-331-8563,11/9/2024,8/12/2024,2/24/2025,91,7,64,7.0,32,65,025%,224.0,0.06506533518204088,5.615384615384615,OK,False,False,
Corn Oil,Oils & Fats,Tagopia,7 Gateway Center,Backordered,75-080-4909,34-726-5887,12/9/2024,4/12/2024,9/9/2024,20,55,15,2.5,86,61,-103%,215.0,0.06245110296490532,5.983606557377049,HIGH,False,True,Reorder / expedite replenishment
Bell Pepper,Fruits & Vegetables,Tagtune,459 Gateway Pass,Active,07-970-9352,14-724-4622,3/10/2024,5/16/2024,7/12/2024,96,33,72,4.45,74,100,029%,329.3,0.0956518521225271,3.65,OK,False,False,
Whipped Cream,Dairy,Devcast,4929 Westend Point,Active,26-134-9069,80-068-0825,3/10/2024,11/11/2024,1/30/2025,14,87,8,4.0,90,14,-035%,360.0,0.10456928868542287,26.071428571428573,HIGH,False,True,Reorder / expedite replenishment
White Sugar,Grains & Pulses,Cogibox,160 Crowley Center,Discontinued,08-396-2704,94-186-9620,3/10/2024,4/1/2024,5/10/2024,42,12,28,2.0,80,8,084%,160.0,0.0464752394157435,45.625,OK,False,False,
Green Beans,Fruits & Vegetables,Jayo,62494 Longview Drive,Active,24-975-4231,99-145-4924,3/10/2024,7/9/2024,8/17/2024,31,61,28,2.1,55,70,090%,115.5,0.03354931345323984,5.214285714285714,HIGH,False,False,
Powdered Sugar,Grains & Pulses,Riffwire,8499 Hanover Terrace,Active,28-197-9246,31-281-2352,3/10/2024,7/11/2024,5/23/2024,47,30,16,2.5,22,81,-027%,55.0,0.015975863549161827,4.506172839506172,OK,False,False,
Canola Oil,Oils & Fats,Yodo,48788 Chinook Place,Discontinued,77-013-1553,42-252-5861,4/10/2024,10/13/2024,8/20/2024,79,31,66,2.3,92,13,-268%,211.6,0.061463504127320774,28.076923076923077,OK,False,False,
Halibut,Seafood,Linktype,26266 Esker Point,Backordered,83-716-2177,79-518-8344,4/10/2024,10/10/2024,9/13/2024,18,46,26,20.0,57,95,086%,1140.0,0.3311360808371724,3.8421052631578947,HIGH,False,False,
Halibut,Seafood,Gevee,6410 Northwestern Pass,Active,55-164-7723,85-454-9252,4/10/2024,5/17/2024,1/8/2025,82,31,86,20.0,66,74,-067%,1320.0,0.38342072517988385,4.9324324324324325,OK,False,False,
Cheddar Cheese,Dairy,Quaxo,0782 Dapin Avenue,Active,22-778-3553,49-590-1752,4/10/2024,10/24/2024,2/9/2025,36,77,49,9.0,30,84,-012%,270.0,0.07842696651406715,4.345238095238095,HIGH,False,False,
Avocado Oil,Oils & Fats,Voolith,8 Thackeray Drive,Discontinued,14-331-3739,87-159-6467,4/10/2024,10/15/2024,3/28/2024,24,89,27,10.0,99,1,-180%,990.0,0.2875655438849129,365.0,HIGH,True,True,Reorder / expedite replenishment
Anchovies,Seafood,Jaxspan,5 Forest Run Way,Discontinued,47-578-4161,96-001-5429,5/10/2024,3/10/2024,9/14/2024,88,56,81,10.0,98,86,099%,980.0,0.28466084142142895,4.244186046511628,OK,False,False,
Evaporated Milk,Dairy,Blognation,230 Tony Court,Discontinued,59-857-6577,57-569-7172,5/10/2024,8/10/2024,3/4/2024,23,100,77,2.0,63,26,012%,126.0,0.036599251039898,14.038461538461538,HIGH,False,False,
Mango,Fruits & Vegetables,Jaxnation,545 Linden Alley,Discontinued,02-559-8196,44-495-6660,6/10/2024,12/12/2024,7/25/2024,61,14,49,5.2,74,35,059%,384.8,0.11177295079486312,10.428571428571429,OK,False,False,
Bell Pepper,Fruits & Vegetables,Meetz,521 Burning Wood Trail,Discontinued,13-900-9016,63-969-9608,6/10/2024,1/6/2025,9/19/2024,89,96,94,4.5,38,96,053%,171.0,0.049670412125575866,3.8020833333333335,HIGH,False,False,
Strawberries,Fruits & Vegetables,Meevee,3 Buhler Place,Backordered,15-144-9413,08-912-0895,7/10/2024,6/30/2024,7/29/2024,58,15,87,5.9,52,81,-153%,306.8,0.08911627157968816,4.506172839506172,OK,False,False,
Grapes,Fruits & Vegetables,Layo,23704 Algoma Park,Active,65-527-9488,23-482-0516,7/10/2024,6/24/2024,10/10/2024,38,72,39,5.5,59,8,-056%,324.5,0.09425759494005477,45.625,HIGH,False,False,
Spinach,Fruits & Vegetables,Eabox,62 Thackeray Center,Backordered,74-818-3306,75-536-2986,8/10/2024,7/27/2024,5/9/2024,45,70,98,2.45,25,39,086%,61.25000000000001,0.01779130258883931,9.35897435897436,HIGH,False,False,
Green Tea,Beverages,Photobug,5306 Arkansas Avenue,Active,60-198-7050,27-493-6787,8/10/2024,11/24/2024,3/19/2024,26,59,54,8.0,92,49,-056%,736.0,0.2137861013124201,7.448979591836735,HIGH,False,True,Reorder / expedite replenishment
Swiss Cheese,Dairy,Reallinks,285 1st Park,Discontinued,82-041-7211,03-615-0558,9/10/2024,5/19/2024,7/1/2024,49,49,26,8.0,78,61,047%,624.0,0.18125343372139963,5.983606557377049,HIGH,False,True,Reorder / expedite replenishment
Green Beans,Fruits & Vegetables,Omba,379 Duke Court,Active,17-002-4721,38-310-4533,9/10/2024,2/18/2025,10/29/2024,31,55,5,2.0,71,46,022%,142.0,0.041246774981472355,7.934782608695652,HIGH,False,False,
Cherry,Fruits & Vegetables,Jabbersphere,07 Maple Wood Drive,Active,74-404-0582,31-628-6696,9/10/2024,11/20/2024,6/11/2024,57,82,59,8.0,44,57,035%,352.0,0.10224552671463569,6.4035087719298245,HIGH,False,False,
Sourdough Bread,Bakery,Eayo,7444 Saint Paul Circle,Discontinued,73-561-2867,60-386-5077,10/10/2024,6/29/2024,9/29/2024,12,86,98,4.0,75,86,-030%,300.0,0.08714107390451906,4.244186046511628,HIGH,False,False,
Plum,Fruits & Vegetables,Devcast,2 Scofield Street,Active,45-194-4094,65-611-4749,10/10/2024,6/14/2024,10/10/2024,64,71,69,3.9,60,67,-015%,234.0,0.06797003764552485,5.447761194029851,HIGH,False,False,
Tomato,Fruits & Vegetables,Fivebridge,826 Melvin Pass,Discontinued,92-362-3567,40-056-7748,10/10/2024,5/6/2024,12/25/2024,11,10,60,2.5,93,53,-012%,232.5,0.06753433227600227,6.886792452830188,OK,False,False,
Jasmine Rice,Grains & Pulses,Babbleset,63578 Butternut Hill,Active,96-961-2193,71-467-4910,10/10/2024,8/16/2024,11/10/2024,46,39,11,4.75,36,54,043%,171.0,0.049670412125575866,6.7592592592592595,OK,False,False,
Zucchini,Fruits & Vegetables,Quimm,66330 Northridge Street,Backordered,92-652-3737,42-361-6981,11/10/2024,7/30/2024,10/1/2024,89,56,74,2.5,27,51,-050%,67.5,0.019606741628516788,7.1568627450980395,OK,False,False,
Digestive Biscuit,Bakery,Lajo,297 Petterle Way,Discontinued,89-673-1543,43-679-7350,11/10/2024,3/28/2024,1/3/2025,72,78,1,4.0,85,30,-089%,340.0,0.09875988375845493,12.166666666666666,HIGH,False,True,Reorder / expedite replenishment
Butter Biscuit,Bakery,Ozu,175 Sycamore Circle,Active,70-815-4015,89-134-9717,12/10/2024,7/15/2024,8/30/2024,38,93,61,6.0,67,100,065%,402.0,0.11676903903205553,3.65,HIGH,False,False,
Black Rice,Grains & Pulses,Bubblemix,92321 Nelson Trail,Backordered,90-737-0044,39-339-3869,12/10/2024,1/17/2025,5/17/2024,79,98,97,6.0,26,21,-049%,156.0,0.045313358430349907,17.38095238095238,HIGH,False,False,
Black Tea,Beverages,Topicstorm,87417 Forest Pass,Active,67-473-7093,92-830-6986,12/10/2024,3/20/2024,4/19/2024,56,12,85,5.0,52,46,019%,260.0,0.07552226405058318,7.934782608695652,OK,False,False,
Strawberries,Fruits & Vegetables,Babblestorm,00 Drewry Court,Active,22-621-2774,70-901-6191,3/11/2024,6/30/2024,6/14/2024,54,26,16,6.0,63,97,012%,378.0,0.10979775311969402,3.7628865979381443,OK,False,False,
Eggplant,Fruits & Vegetables,Mybuzz,25784 Old Gate Crossing,Active,15-240-6267,12-983-3026,3/11/2024,4/10/2024,4/26/2024,91,55,94,3.0,42,93,-054%,126.0,0.036599251039898,3.924731182795699,OK,False,False,
Pear,Fruits & Vegetables,Voonix,622 Anthes Lane,Backordered,75-152-8731,05-593-1927,4/11/2024,11/12/2024,8/8/2024,82,65,69,4.45,30,78,-121%,133.5,0.038777777887510974,4.67948717948718,OK,False,False,
Egg (Chicken),Dairy,Einti,553 Hooker Trail,Backordered,40-913-9772,51-215-2283,4/11/2024,3/3/2024,5/26/2024,36,30,44,0.2,68,88,-160%,13.600000000000001,0.0039503953503381975,4.1477272727272725,OK,False,False,
Short Grain Rice,Grains & Pulses,Brightdog,9431 Clarendon Pass,Active,29-377-7040,59-979-6740,4/11/2024,5/29/2024,7/29/2024,22,77,15,3.0,68,46,-029%,204.0,0.05925593025507296,7.934782608695652,HIGH,False,False,
Sunflower Oil,Oils & Fats,Voolith,88721 Dawn Crossing,Discontinued,72-780-6006,81-292-4650,5/11/2024,12/13/2024,4/17/2024,87,24,19,2.5,83,3,032%,207.5,0.060272576117292344,121.66666666666667,OK,True,False,Consider rationalize / delist
Orange,Fruits & Vegetables,Oyondu,43211 Anzinger Drive,Active,91-127-7489,86-079-1525,5/11/2024,12/10/2024,8/4/2024,44,8,52,2.95,42,66,096%,123.9,0.035989263522566366,5.53030303030303,OK,False,False,
Cod,Seafood,Katz,0 Village Green Street,Active,17-647-0503,69-416-9493,5/11/2024,5/24/2024,8/20/2024,96,12,8,8.0,97,92,-057%,776.0,0.22540491116635597,3.967391304347826,OK,False,False,
Onion,Fruits & Vegetables,Skyble,13 Corscot Hill,Active,91-848-0606,68-836-0350,6/11/2024,7/23/2024,10/28/2024,39,22,73,2.0,60,2,005%,120.0,0.03485642956180762,182.5,OK,True,False,Consider rationalize / delist
Peach,Fruits & Vegetables,Oyoloo,3104 Ridge Oak Hill,Backordered,11-745-3025,54-711-1582,6/11/2024,2/21/2025,9/3/2024,15,27,21,4.0,37,67,097%,148.0,0.04298959645956273,5.447761194029851,HIGH,False,False,
Zucchini,Fruits & Vegetables,Trudeo,3 Lawn Park,Discontinued,29-823-6004,10-295-7996,6/11/2024,4/4/2024,3/10/2024,52,79,87,2.5,36,100,-081%,90.0,0.026142322171355717,3.65,HIGH,False,False,
Coconut,Fruits & Vegetables,Eamia,277 Pawling Terrace,Discontinued,21-718-6746,96-012-3393,6/11/2024,1/20/2025,6/6/2024,16,53,12,5.0,21,29,-178%,105.0,0.030499375866581666,12.586206896551724,HIGH,False,False,
Avocado Oil,Oils & Fats,Dazzlesphere,00616 Manitowish Parkway,Active,86-692-2312,77-783-4107,6/11/2024,12/7/2024,4/30/2024,30,48,52,10.0,22,78,-038%,220.0,0.06390345419664731,4.67948717948718,HIGH,False,False,
Sushi Rice,Grains & Pulses,Linklinks,67 Little Fleur Road,Backordered,54-109-8062,04-726-3363,7/11/2024,1/19/2025,2/16/2025,75,69,100,4.5,43,18,-255%,193.5,0.056205992668414785,20.27777777777778,OK,False,False,
White Bread,Bakery,Tagfeed,0 Saint Paul Center,Active,74-943-9034,15-739-5480,7/11/2024,11/18/2024,5/6/2024,30,91,34,2.5,97,88,058%,242.5,0.07043903473948623,4.1477272727272725,HIGH,False,True,Reorder / expedite replenishment
Broccoli,Fruits & Vegetables,Yamia,7 Heffernan Drive,Active,71-300-2191,98-677-4279,7/11/2024,5/6/2024,5/1/2024,79,72,6,4.0,67,63,009%,268.0,0.07784602602137036,5.7936507936507935,OK,False,False,
Long Grain Rice,Grains & Pulses,Gigashots,8 Dovetail Junction,Active,65-145-9672,65-068-1200,8/11/2024,3/16/2024,5/26/2024,71,10,49,1.5,66,43,006%,99.0,0.02875655438849129,8.488372093023257,OK,False,False,
Pineapple,Fruits & Vegetables,Quinu,4 4th Place,Active,93-966-7754,78-787-7171,8/11/2024,1/18/2025,9/27/2024,65,35,3,3.5,25,13,035%,87.5,0.025416146555484725,28.076923076923077,OK,False,False,
Sesame Oil,Oils & Fats,Skilith,4 Browning Terrace,Active,27-216-9671,40-773-7065,8/11/2024,4/12/2024,6/4/2024,100,86,94,6.5,77,57,048%,500.5,0.1453803582973726,6.4035087719298245,OK,False,False,
Tuna,Seafood,Realbridge,46 Cardinal Way,Discontinued,44-538-3366,33-898-6242,9/11/2024,4/17/2024,3/30/2024,58,77,96,18.0,25,17,026%,450.0,0.13071161085677857,21.470588235294116,HIGH,False,False,
Watermelon,Fruits & Vegetables,Latz,0039 Shelley Place,Active,34-075-0371,32-771-2617,9/11/2024,1/10/2025,12/3/2024,75,10,68,3.0,90,42,032%,270.0,0.07842696651406715,8.69047619047619,OK,False,False,
Cheese,Dairy,Twitterbeat,5862 Hooker Pass,Active,24-972-6969,27-532-7847,9/11/2024,5/28/2024,6/13/2024,69,53,32,9.2,28,56,053%,257.59999999999997,0.07482513545934702,6.517857142857143,OK,False,False,
Robusta Coffee,Beverages,Katz,0 Ohio Hill,Backordered,92-455-2959,13-109-8639,9/11/2024,7/16/2024,2/25/2024,59,62,57,10.3,90,94,-100%,927.0000000000001,0.2692659183649639,3.882978723404255,HIGH,False,True,Reorder / expedite replenishment
Oatmeal Biscuit,Bakery,Pixope,86 Maryland Junction,Active,58-182-6781,75-328-1709,10/11/2024,6/29/2024,11/15/2024,34,55,22,5.0,77,85,-004%,385.0,0.11183104484413278,4.294117647058823,HIGH,False,False,
Canola Oil,Oils & Fats,Omba,0087 Bluejay Plaza,Backordered,42-134-9798,16-869-7328,10/11/2024,10/23/2024,12/30/2024,19,80,87,2.3,33,38,-010%,75.89999999999999,0.022046691697843318,9.605263157894736,HIGH,False,False,
Gouda Cheese,Dairy,Skimia,96 American Center,Backordered,18-278-2383,73-210-4267,11/11/2024,9/15/2024,7/2/2024,97,77,13,7.0,43,40,-015%,301.0,0.08743154415086746,9.125,OK,False,False,
Buttermilk,Dairy,Wordpedia,53 Lawn Circle,Active,03-597-9488,03-983-0515,11/11/2024,7/11/2024,3/28/2024,70,66,74,2.5,47,77,007%,117.5,0.034130253945936634,4.740259740259741,OK,False,False,
White Tea,Beverages,Voolith,95261 Morningstar Way,Backordered,14-681-7035,01-308-0960,12/11/2024,8/7/2024,5/18/2024,36,90,57,25.0,35,68,-064%,875.0,0.25416146555484725,5.367647058823529,HIGH,False,False,
Sunflower Oil,Oils & Fats,Skidoo,8 Spaight Circle,Discontinued,01-439-6231,08-490-1714,12/11/2024,10/28/2024,12/9/2024,88,100,17,2.5,25,28,-094%,62.5,0.018154390396774803,13.035714285714286,HIGH,False,False,
Orange,Fruits & Vegetables,Oba,72090 Northfield Place,Backordered,25-911-7736,40-180-0752,12/11/2024,8/17/2024,8/29/2024,75,48,25,3.0,96,65,-012%,288.0,0.08365543094833829,5.615384615384615,OK,False,False,
Green Coffee,Beverages,Kwinu,90865 Sherman Court,Active,36-918-2937,53-844-0478,3/12/2024,2/12/2025,11/28/2024,62,89,18,12.0,35,36,032%,420.0,0.12199750346632666,10.13888888888889,HIGH,False,False,
Cauliflower,Fruits & Vegetables,Meevee,85276 Lakewood Gardens Alley,Backordered,37-666-3902,58-536-6583,3/12/2024,8/11/2024,6/12/2024,19,73,60,2.45,70,48,-003%,171.5,0.04981564724875005,7.604166666666667,HIGH,False,False,
Egg (Goose),Dairy,Abatz,27535 Morrow Avenue,Discontinued,27-757-4489,04-456-0715,4/12/2024,1/19/2025,7/4/2024,35,78,68,2.5,95,91,031%,237.5,0.06898668350774426,4.010989010989011,HIGH,False,True,Reorder / expedite replenishment
Swiss Cheese,Dairy,Gevee,42 Clemons Terrace,Backordered,97-040-3822,78-459-1417,5/12/2024,8/23/2024,5/17/2024,50,99,73,8.0,42,1,004%,336.0,0.09759800277306134,365.0,HIGH,True,False,Consider rationalize / delist
Cod,Seafood,Roombo,8531 Manley Court,Discontinued,98-445-7372,71-676-6562,5/12/2024,10/3/2024,5/30/2024,65,79,52,8.0,56,94,098%,448.0,0.13013067036408177,3.882978723404255,HIGH,False,False,
Black Tea,Beverages,Jaloo,0920 Monica Pass,Active,92-152-5820,50-747-2259,5/12/2024,5/1/2024,6/24/2024,18,36,53,5.3,65,100,-068%,344.5,0.10006699986702271,3.65,HIGH,False,False,
Vanilla Biscuit,Bakery,Ozu,88 Lighthouse Bay Crossing,Discontinued,24-986-5091,51-076-1164,5/12/2024,6/25/2024,8/14/2024,89,22,23,5.5,83,25,-054%,456.5,0.13259966745804316,14.6,OK,False,False,
Mushrooms,Fruits & Vegetables,Izio,81533 John Wall Court,Discontinued,22-849-2551,14-231-9135,6/12/2024,12/20/2024,9/8/2024,34,1,79,6.2,58,36,070%,359.6,0.10445310058688352,10.13888888888889,OK,False,False,
Bread Flour,Grains & Pulses,Feedfire,26160 Independence Alley,Active,15-169-8058,14-009-8505,6/12/2024,9/23/2024,4/18/2024,87,97,28,1.5,58,21,038%,87.0,0.025270911432310524,17.38095238095238,HIGH,False,False,
Canola Oil,Oils & Fats,Tagopia,085 Reinke Pass,Backordered,78-953-2073,28-465-9141,6/12/2024,10/1/2024,1/4/2025,53,20,75,2.3,83,77,064%,190.89999999999998,0.05545077002790895,4.740259740259741,OK,False,False,
Basmati Rice,Grains & Pulses,Trilia,1959 Marcy Center,Active,10-255-8579,29-112-1577,7/12/2024,7/24/2024,1/28/2025,56,53,77,4.5,69,69,007%,310.5,0.09019101149117721,5.2898550724637685,OK,False,False,
Kiwi,Fruits & Vegetables,Topdrive,555 Butternut Hill,Discontinued,82-948-2298,53-749-6148,7/12/2024,2/17/2025,11/21/2024,38,91,94,5.7,53,87,000%,302.1,0.0877510614218507,4.195402298850575,HIGH,False,False,
Papaya,Fruits & Vegetables,Twitterwire,561 Pennsylvania Way,Active,60-747-8704,93-793-4398,7/12/2024,9/29/2024,8/22/2024,97,97,71,4.5,53,31,-064%,238.5,0.06927715375409264,11.774193548387096,HIGH,False,False,
Trout,Seafood,Browsezoom,0258 Shoshone Center,Backordered,40-462-2952,57-323-8059,8/12/2024,10/14/2024,11/19/2024,91,68,80,11.5,81,85,042%,931.5,0.27057303447353165,4.294117647058823,OK,False,False,
Asparagus,Fruits & Vegetables,Devpoint,5 Transport Pass,Active,98-235-2711,23-052-4744,9/12/2024,12/31/2024,1/26/2025,22,40,7,5.0,98,60,-005%,490.0,0.14233042071071447,6.083333333333333,HIGH,False,True,Reorder / expedite replenishment
White Bread,Bakery,Devpoint,3 Monument Street,Backordered,83-108-1174,56-439-3559,9/12/2024,3/5/2024,12/25/2024,78,68,68,2.5,89,24,039%,222.5,0.0646296298125183,15.208333333333334,OK,False,False,
Watermelon,Fruits & Vegetables,Digitube,848 Old Gate Parkway,Backordered,28-505-8317,61-755-4469,10/12/2024,7/23/2024,1/28/2025,23,85,94,3.0,92,72,073%,276.0,0.08016978799215753,5.069444444444445,HIGH,False,True,Reorder / expedite replenishment
Asparagus,Fruits & Vegetables,Voonder,64 1st Plaza,Backordered,31-803-5001,14-414-1945,10/12/2024,12/4/2024,6/1/2024,78,16,37,4.7,25,96,022%,117.5,0.034130253945936634,3.8020833333333335,OK,False,False,
Sweet Potato,Fruits & Vegetables,Einti,803 5th Alley,Backordered,17-236-0566,32-402-9679,10/12/2024,3/2/2024,8/4/2024,95,87,13,2.0,61,4,-284%,122.0,0.03543737005450442,91.25,OK,True,False,Consider rationalize / delist
Ricotta Cheese,Dairy,Shufflester,15 Loomis Avenue,Active,76-090-4411,82-552-6786,12/12/2024,8/10/2024,4/16/2024,49,94,18,6.0,38,11,093%,228.0,0.06622721616743447,33.18181818181818,HIGH,False,False,
Plum,Fruits & Vegetables,Feedspan,46758 Hallows Center,Active,43-910-2342,06-569-4690,12/12/2024,6/8/2024,7/19/2024,26,69,90,4.0,47,35,071%,188.0,0.0546084063134986,10.428571428571429,HIGH,False,False,
Onion,Fruits & Vegetables,Gabspot,49884 Brickson Park Plaza,Discontinued,05-425-0746,23-450-0301,12/12/2024,5/9/2024,6/5/2024,50,68,90,2.0,40,13,026%,80.0,0.02323761970787175,28.076923076923077,HIGH,False,False,
Sesame Oil,Oils & Fats,Jaxworks,8868 Armistice Place,Backordered,93-815-0565,56-422-1480,12/12/2024,8/12/2024,7/1/2024,50,36,96,6.5,53,73,068%,344.5,0.10006699986702271,5.0,OK,False,False,
Jasmine Rice,Grains & Pulses,Yadel,7242 Claremont Avenue,Discontinued,67-270-7464,83-960-5274,2/1/2025,8/24/2024,12/7/2024,91,73,77,4.75,51,49,-038%,242.25,0.07036641717789913,7.448979591836735,OK,False,False,
Cod,Seafood,Devbug,29992 Warrior Center,Backordered,61-827-4098,34-850-0377,2/1/2025,7/15/2024,3/24/2024,23,42,87,8.0,63,5,004%,504.0,0.146397004159592,73.0,HIGH,False,False,
Cheese,Dairy,Jaxspan,9307 Kingsford Road,Discontinued,92-291-7089,08-523-5066,2/1/2025,7/26/2024,5/6/2024,76,15,99,9.5,60,49,092%,570.0,0.1655680404185862,7.448979591836735,OK,False,False,
Evaporated Milk,Dairy,Realcube,87578 Stoughton Parkway,Discontinued,76-070-1411,63-528-0643,2/1/2025,2/12/2025,2/14/2025,15,75,78,1.9,71,21,018%,134.9,0.039184436232398735,17.38095238095238,HIGH,False,False,
Salmon,Seafood,Mycat,21 Golden Leaf Hill,Active,36-330-5036,52-359-1255,2/1/2025,9/20/2024,5/17/2024,79,28,4,15.0,42,46,070%,630.0,0.18299625519949,7.934782608695652,OK,False,False,
Sour Cream,Dairy,Yodel,96 Brown Drive,Backordered,02-034-6209,34-724-1913,2/1/2025,7/26/2024,10/8/2024,22,43,3,4.1,45,87,-010%,184.49999999999997,0.053591760451279204,4.195402298850575,HIGH,False,False,
Cottage Cheese,Dairy,Midel,46 Hoffman Trail,Active,49-891-4927,89-155-3471,1/2/2025,2/26/2024,11/28/2024,37,5,1,5.0,68,99,-093%,340.0,0.09875988375845493,3.686868686868687,OK,False,False,
Tuna,Seafood,Thoughtstorm,381 Rutledge Place,Active,94-020-6982,72-649-3163,1/2/2025,10/5/2024,5/4/2024,25,75,27,18.0,31,36,-046%,558.0,0.16208239746240544,10.13888888888889,HIGH,False,False,
Haddock,Seafood,Eire,2 Russell Alley,Active,88-807-8431,66-563-9462,1/2/2025,6/6/2024,2/9/2025,11,87,43,9.0,86,91,-016%,774.0,0.22482397067365914,4.010989010989011,HIGH,False,True,Reorder / expedite replenishment
Butter,Dairy,Meembee,285 East Plaza,Discontinued,19-672-8982,50-214-3802,1/3/2025,1/23/2025,3/31/2024,21,87,67,3.1,64,69,-006%,198.4,0.057629296875521936,5.2898550724637685,HIGH,False,False,
Egg (Quail),Dairy,Skimia,59 Veith Center,Backordered,07-389-5740,72-784-3292,1/3/2025,3/12/2024,7/17/2024,34,94,69,0.8,96,30,-008%,76.80000000000001,0.022308114919556882,12.166666666666666,HIGH,False,True,Reorder / expedite replenishment
Egg (Goose),Dairy,Muxo,267 International Plaza,Discontinued,39-629-5554,67-679-4930,2/3/2025,4/9/2024,2/5/2025,44,90,17,2.5,21,91,069%,52.5,0.015249687933290833,4.010989010989011,HIGH,False,False,
Orange,Fruits & Vegetables,Twitterwire,812 Shelley Circle,Discontinued,27-635-8394,87-893-6089,2/3/2025,11/13/2024,3/19/2024,88,37,61,2.9,63,35,-333%,182.7,0.0530689140078521,10.428571428571429,OK,False,False,
Black Coffee,Beverages,Flipbug,40643 Sullivan Lane,Discontinued,14-844-4138,90-534-2165,2/3/2025,10/25/2024,3/3/2024,61,43,29,15.0,67,6,044%,1005.0,0.29192259758013883,60.833333333333336,OK,False,False,
Heavy Cream,Dairy,Ntags,00 Luster Alley,Discontinued,65-464-5070,01-517-7793,2/3/2025,3/16/2024,9/1/2024,12,60,73,4.0,20,35,091%,80.0,0.02323761970787175,10.428571428571429,HIGH,False,False,
Onion,Fruits & Vegetables,Voolia,9171 Norway Maple Trail,Active,46-911-1159,30-820-2883,2/3/2025,10/30/2024,12/19/2024,98,40,100,2.0,46,9,-075%,92.0,0.026723262664052512,40.55555555555556,OK,False,False,
Arabica Coffee,Beverages,Youspan,292 Charing Cross Terrace,Backordered,35-617-3857,90-718-2724,1/4/2025,3/21/2024,3/6/2024,46,31,89,20.0,59,65,080%,1180.0,0.3427548906911083,5.615384615384615,OK,False,False,
Cheese,Dairy,Omba,29817 Coleman Drive,Discontinued,41-237-5498,38-643-1626,1/4/2025,12/24/2024,2/6/2025,88,53,44,9.0,56,14,-010%,504.0,0.146397004159592,26.071428571428573,OK,False,False,
Egg (Goose),Dairy,Einti,18 Troy Avenue,Discontinued,86-672-4191,79-219-8469,1/4/2025,9/29/2024,2/8/2025,88,22,61,2.5,54,100,075%,135.0,0.039213483257033575,3.65,OK,False,False,
Sourdough Bread,Bakery,Gigashots,8425 New Castle Parkway,Backordered,10-555-5971,30-410-3509,1/4/2025,12/2/2024,9/27/2024,94,56,80,4.0,47,96,-085%,188.0,0.0546084063134986,3.8020833333333335,OK,False,False,
Black Rice,Grains & Pulses,Voonder,7 Ridge Oak Pass,Active,45-050-4720,98-791-5014,1/4/2025,7/5/2024,3/13/2024,18,78,43,6.0,85,97,-104%,510.0,0.14813982563768238,3.7628865979381443,HIGH,False,True,Reorder / expedite replenishment
Bell Pepper,Fruits & Vegetables,Livetube,1666 Dayton Terrace,Discontinued,73-997-6251,17-167-4304,1/4/2025,10/15/2024,9/17/2024,94,18,84,4.5,44,49,-014%,198.0,0.05751310877698258,7.448979591836735,OK,False,False,
Orange,Fruits & Vegetables,Skipfire,757 Grasskamp Drive,Discontinued,53-446-8243,51-666-7174,2/4/2025,7/26/2024,4/23/2024,41,94,4,3.0,88,92,-011%,264.0,0.07668414503597677,3.967391304347826,HIGH,False,True,Reorder / expedite replenishment
Cream,Dairy,Thoughtblab,5 Forster Point,Backordered,12-798-9401,96-609-6152,1/5/2025,5/12/2024,5/25/2024,18,14,77,2.5,78,4,-005%,195.0,0.05664169803793739,91.25,OK,True,False,Consider rationalize / delist
Green Beans,Fruits & Vegetables,BlogXS,6 Bay Road,Active,93-014-4256,37-599-8579,1/5/2025,1/11/2025,10/13/2024,19,92,41,2.0,51,79,095%,102.0,0.02962796512753648,4.620253164556962,HIGH,False,False,
Black Rice,Grains & Pulses,Blognation,75054 Ramsey Parkway,Backordered,60-911-3745,87-570-0273,1/5/2025,8/31/2024,1/18/2025,98,41,98,6.35,70,75,-055%,444.5,0.1291140245018624,4.866666666666666,OK,False,False,
Powdered Sugar,Grains & Pulses,Skidoo,42 Mandrake Alley,Active,53-146-9979,44-388-2451,2/5/2025,10/11/2024,8/8/2024,21,15,27,2.5,37,41,-007%,92.5,0.02686849778722671,8.902439024390244,OK,False,False,
Butter Biscuit,Bakery,InnoZ,65 Forster Way,Active,65-780-5622,69-460-9770,2/5/2025,5/2/2024,5/27/2024,74,81,41,6.0,51,67,-011%,306.0,0.08888389538260943,5.447761194029851,HIGH,False,False,
White Rice,Grains & Pulses,Centidel,80930 Briar Crest Point,Backordered,29-896-7926,86-400-4155,1/6/2025,6/1/2024,5/6/2024,20,20,56,1.8,62,69,-031%,111.60000000000001,0.032416479492481096,5.2898550724637685,HIGH,False,False,
Mushrooms,Fruits & Vegetables,Twitterbeat,615 Mayer Drive,Backordered,67-027-7269,50-050-5707,1/6/2025,11/30/2024,11/9/2024,35,19,30,6.5,88,6,-011%,572.0,0.166148980911283,60.833333333333336,OK,False,False,
Papaya,Fruits & Vegetables,Brightbean,59449 Sherman Parkway,Backordered,25-353-2067,01-210-3485,1/6/2025,8/4/2024,7/25/2024,81,16,69,4.3,23,96,093%,98.89999999999999,0.028727507363856444,3.8020833333333335,OK,False,False,
Heavy Cream,Dairy,Yodo,8682 Golf Course Junction,Discontinued,72-341-1154,84-090-6472,1/6/2025,10/31/2024,9/9/2024,85,66,85,4.2,65,58,-317%,273.0,0.07929837725311234,6.293103448275862,OK,False,False,
Black Tea,Beverages,Zoombeat,22555 Macpherson Plaza,Active,16-187-5729,79-366-7207,1/6/2025,3/21/2024,3/30/2024,45,58,84,5.0,90,67,011%,450.0,0.13071161085677857,5.447761194029851,HIGH,False,True,Reorder / expedite replenishment
Kiwi,Fruits & Vegetables,Talane,71 Bultman Drive,Discontinued,49-311-3063,15-947-9718,2/6/2025,10/3/2024,7/3/2024,47,75,53,6.0,70,20,026%,420.0,0.12199750346632666,18.25,HIGH,False,False,
Butter Biscuit,Bakery,Ooba,32 6th Lane,Discontinued,98-652-9569,65-160-1426,2/6/2025,2/17/2025,6/23/2024,12,7,23,6.0,72,16,071%,432.0,0.12548314642250744,22.8125,OK,False,False,
White Tea,Beverages,Chatterbridge,04 Mesta Parkway,Active,78-689-8958,52-744-6162,1/7/2025,2/27/2024,3/29/2024,20,43,43,25.0,73,6,078%,1825.0,0.5301081995858242,60.833333333333336,HIGH,False,False,
Blueberries,Fruits & Vegetables,Flipbug,88678 Bayside Park,Backordered,66-378-7532,15-365-5585,1/7/2025,6/5/2024,5/6/2024,87,51,67,10.0,55,100,092%,550.0,0.15975863549161826,3.65,OK,False,False,
Chocolate Biscuit,Bakery,Yakitri,40 Cody Pass,Backordered,14-115-8371,80-833-3051,1/7/2025,9/19/2024,9/1/2024,23,76,70,5.0,97,38,-082%,485.0,0.14087806947897247,9.605263157894736,HIGH,False,True,Reorder / expedite replenishment
Orange,Fruits & Vegetables,Demimbu,77 Prairie Rose Park,Backordered,76-540-6407,78-644-5877,2/7/2025,1/17/2025,12/13/2024,92,54,73,3.1,79,1,061%,244.9,0.0711361633307224,365.0,OK,True,False,Consider rationalize / delist
Egg (Chicken),Dairy,Topiclounge,20 Marcy Circle,Active,81-573-0943,07-754-2313,2/7/2025,6/28/2024,11/14/2024,22,58,2,0.2,33,68,099%,6.6000000000000005,0.0019171036258994194,5.367647058823529,HIGH,False,False,
Jasmine Rice,Grains & Pulses,Eimbee,56 Bonner Point,Backordered,68-732-5919,07-500-2023,2/7/2025,10/29/2024,5/17/2024,26,83,24,4.75,75,12,-106%,356.25,0.10348002526161637,30.416666666666668,HIGH,False,False,
Greek Yogurt,Fruits & Vegetables,Meeveo,3 Hagan Drive,Discontinued,68-734-1585,54-537-5633,1/8/2025,4/16/2024,7/13/2024,62,44,11,51.17,92,37,084%,4707.64,1.3674293505195672,9.864864864864865,OK,False,False,
Bread Flour,Grains & Pulses,Realblab,39102 Division Trail,Backordered,93-342-8794,93-688-1260,1/8/2025,12/7/2024,11/22/2024,84,91,86,1.5,83,95,060%,124.5,0.036163545670375406,3.8421052631578947,HIGH,False,True,Reorder / expedite replenishment
Pomegranate,Fruits & Vegetables,Browsetype,72778 Loftsgordon Center,Backordered,42-175-1648,67-272-8844,1/8/2025,1/25/2025,9/9/2024,81,87,15,6.0,94,10,-014%,564.0,0.16382521894049581,36.5,HIGH,False,True,Reorder / expedite replenishment
Haddock,Seafood,Devshare,21530 Prentice Place,Active,46-083-7058,26-730-0925,1/8/2025,8/27/2024,6/9/2024,61,91,40,9.0,34,76,089%,306.0,0.08888389538260943,4.802631578947368,HIGH,False,False,
Cheddar Cheese,Dairy,LiveZ,54 Weeping Birch Lane,Backordered,66-716-8221,67-024-9832,2/8/2025,6/24/2024,1/17/2025,70,96,35,9.0,63,84,-124%,567.0,0.16469662967954102,4.345238095238095,HIGH,False,False,
Ricotta Cheese,Dairy,Janyx,2003 Delladonna Pass,Discontinued,12-714-5135,97-055-2756,1/9/2025,1/14/2025,4/25/2024,49,28,74,6.0,70,38,-033%,420.0,0.12199750346632666,9.605263157894736,OK,False,False,
Green Coffee,Beverages,Linklinks,581 Oneill Crossing,Active,35-031-1497,84-835-1656,1/9/2025,7/4/2024,11/2/2024,20,68,20,12.0,38,51,046%,456.0,0.13245443233486895,7.1568627450980395,HIGH,False,False,
Jasmine Rice,Grains & Pulses,Linktype,8182 Hazelcrest Place,Active,54-708-7327,46-316-6919,1/9/2025,3/28/2024,4/15/2024,50,14,99,4.75,52,75,-034%,247.0,0.07174615084805402,4.866666666666666,OK,False,False,
Zucchini,Fruits & Vegetables,Skibox,7944 Elgar Alley,Backordered,63-897-8088,82-313-4469,1/9/2025,6/7/2024,10/16/2024,63,56,33,2.5,35,16,-044%,87.5,0.025416146555484725,22.8125,OK,False,False,
Green Beans,Fruits & Vegetables,Kanoodle,1615 Bellgrove Crossing,Active,79-494-2472,04-391-8892,1/9/2025,4/19/2024,4/23/2024,42,48,18,2.0,39,57,054%,78.0,0.022656679215174953,6.4035087719298245,HIGH,False,False,
Grapes,Fruits & Vegetables,Jabbersphere,95 Garrison Plaza,Backordered,15-679-3935,35-906-1010,2/9/2025,6/15/2024,2/20/2025,22,69,87,5.5,34,26,-046%,187.0,0.054317936067150206,14.038461538461538,HIGH,False,False,
Papaya,Fruits & Vegetables,Ntag,227 Tennyson Plaza,Discontinued,31-608-1445,75-286-4153,2/9/2025,2/15/2025,12/14/2024,84,28,29,4.4,54,32,024%,237.60000000000002,0.0690157305323791,11.40625,OK,False,False,
Egg (Quail),Dairy,Meejo,75 High Crossing Junction,Discontinued,70-206-4860,82-527-9395,2/9/2025,3/11/2024,9/17/2024,93,68,71,0.8,30,37,041%,24.0,0.006971285912361524,9.864864864864865,OK,False,False,
Multigrain Bread,Bakery,Topicshots,894 Kingsford Road,Backordered,30-832-5429,41-800-2842,1/10/2025,10/5/2024,9/17/2024,46,43,46,3.5,68,59,-023%,238.0,0.06913191863091844,6.186440677966102,OK,False,False,
Blueberries,Fruits & Vegetables,DabZ,8 Dakota Avenue,Active,01-173-0029,18-880-7910,1/10/2025,7/5/2024,4/12/2024,42,4,53,10.0,37,53,013%,370.0,0.10747399114890684,6.886792452830188,OK,False,False,
Whole Wheat Bread,Bakery,Quire,31208 Westerfield Way,Active,65-235-7676,22-083-3504,1/10/2025,8/1/2024,6/3/2024,91,71,17,3.5,74,57,-043%,259.0,0.07523179380423478,6.4035087719298245,OK,False,False,
Mozzarella Cheese,Dairy,Devpoint,4 Warbler Center,Discontinued,79-400-6216,83-361-7509,2/10/2025,3/10/2024,10/2/2024,16,56,13,7.2,56,28,023%,403.2,0.11711760332767361,13.035714285714286,HIGH,False,False,
Ricotta Cheese,Dairy,Thoughtblab,05 Canary Circle,Backordered,35-836-6718,27-838-4345,2/10/2025,1/25/2025,1/22/2025,91,14,99,6.0,50,5,050%,300.0,0.08714107390451906,73.0,OK,False,False,
Pomegranate,Fruits & Vegetables,Meevee,03 Little Fleur Pass,Backordered,08-573-9997,95-734-4024,2/10/2025,4/5/2024,12/2/2024,26,1,9,6.0,82,8,090%,492.0,0.14291136120341125,45.625,OK,False,False,
Kiwi,Fruits & Vegetables,Vitz,50880 Nobel Road,Discontinued,66-854-5736,98-591-1051,1/11/2025,12/23/2024,5/10/2024,63,57,11,5.8,20,100,090%,116.0,0.03369454857641403,3.65,OK,False,False,
Egg (Goose),Dairy,Gigashots,288 Fair Oaks Place,Backordered,85-835-3445,13-433-4930,1/11/2025,3/2/2024,5/12/2024,50,93,37,2.45,78,79,-400%,191.10000000000002,0.05550886407717864,4.620253164556962,HIGH,False,True,Reorder / expedite replenishment
Multigrain Bread,Bakery,Katz,4 Orin Lane,Backordered,10-768-2443,44-451-2764,2/11/2025,3/5/2024,12/19/2024,93,55,95,3.25,56,72,-001%,182.0,0.05286558483540822,5.069444444444445,OK,False,False,
Lettuce,Fruits & Vegetables,Quamba,7698 Logan Drive,Active,19-112-1616,55-251-3001,1/12/2025,4/12/2024,6/28/2024,88,56,72,2.0,25,36,-029%,50.0,0.014523512317419843,10.13888888888889,OK,False,False,
Grapes,Fruits & Vegetables,Centizu,4346 Columbus Way,Backordered,89-388-3239,28-521-7083,2/12/2025,5/24/2024,4/19/2024,54,88,43,5.5,81,77,-044%,445.5,0.1294044947482108,4.740259740259741,HIGH,False,True,Reorder / expedite replenishment
Yogurt,Dairy,Bubblemix,09264 Forest Dale Drive,Discontinued,22-760-4605,01-495-9336,2/12/2025,7/7/2024,8/3/2024,86,20,67,1.75,83,82,005%,145.25,0.042190803282104644,4.451219512195122,OK,False,False,
Cauliflower,Fruits & Vegetables,Realpoint,843 Pepper Wood Hill,Discontinued,38-664-2155,10-540-5841,1/13/2025,4/12/2024,5/30/2024,48,27,73,2.55,52,97,001%,132.6,0.03851635466579742,3.7628865979381443,OK,False,False,
Sesame Oil,Oils & Fats,Tazz,60 Dottie Hill,Active,89-713-6071,84-123-7159,1/13/2025,11/19/2024,11/25/2024,89,66,28,6.5,39,25,-087%,253.5,0.0736342074493186,14.6,OK,False,False,
Bread Flour,Grains & Pulses,Bubblebox,844 Schurz Point,Discontinued,56-191-6497,65-395-5947,1/14/2025,10/4/2024,1/7/2025,97,41,68,1.5,35,16,036%,52.5,0.015249687933290833,22.8125,OK,False,False,
Haddock,Seafood,Feedfish,234 Eagle Crest Avenue,Active,27-389-3529,73-201-2803,1/14/2025,4/23/2024,3/9/2024,84,8,54,9.0,60,38,054%,540.0,0.1568539330281343,9.605263157894736,OK,False,False,
Canola Oil,Oils & Fats,Kimia,17640 Cottonwood Place,Backordered,11-604-6002,50-862-4552,1/14/2025,6/18/2024,5/29/2024,69,17,27,2.3,79,75,037%,181.7,0.05277844376150371,4.866666666666666,OK,False,False,
Asparagus,Fruits & Vegetables,Buzzbean,49770 Hoffman Court,Discontinued,20-448-2972,26-920-6626,1/14/2025,1/20/2025,9/16/2024,80,6,92,5.0,26,71,005%,130.0,0.03776113202529159,5.140845070422535,OK,False,False,
Lettuce,Fruits & Vegetables,Gigabox,03 Ryan Circle,Backordered,77-959-1018,00-912-3545,1/15/2025,4/30/2024,6/12/2024,22,22,65,2.0,62,78,-173%,124.0,0.036018310547201206,4.67948717948718,HIGH,False,False,
Cucumber,Fruits & Vegetables,Yabox,98 Melody Street,Discontinued,69-895-3397,02-575-2074,1/16/2025,1/16/2025,3/4/2024,28,5,9,1.8,33,9,-026%,59.4,0.017253932633094774,40.55555555555556,OK,False,False,
Blueberries,Fruits & Vegetables,Linklinks,57150 Del Sol Alley,Active,32-933-0329,86-760-5412,1/17/2025,7/14/2024,4/15/2024,23,38,54,10.0,40,15,073%,400.0,0.11618809853935874,24.333333333333332,HIGH,False,False,
Bell Pepper,Fruits & Vegetables,Tagpad,4 6th Plaza,Backordered,33-440-2588,68-596-5506,1/17/2025,9/16/2024,2/24/2025,26,12,43,4.4,73,20,063%,321.20000000000005,0.09329904312710509,18.25,OK,False,False,
Cheddar Cheese,Dairy,Oyonder,2835 Schlimgen Parkway,Backordered,02-085-7218,41-978-3326,1/17/2025,6/25/2024,1/28/2025,85,28,32,8.9,57,41,073%,507.3,0.1473555559725417,8.902439024390244,OK,False,False,
Mozzarella Cheese,Dairy,Roodel,61 Transport Parkway,Discontinued,43-193-9915,23-931-2988,1/17/2025,7/12/2024,9/23/2024,55,58,6,7.2,48,17,028%,345.6,0.10038651713800595,21.470588235294116,HIGH,False,False,
Evaporated Milk,Dairy,Photobug,9171 Redwing Street,Backordered,62-998-7250,72-002-3904,1/18/2025,7/31/2024,10/5/2024,72,3,10,2.0,52,14,065%,104.0,0.030208905620233272,26.071428571428573,OK,False,False,
Swiss Cheese,Dairy,Cogilith,5 Waxwing Junction,Active,70-871-4536,72-514-7323,1/19/2025,11/13/2024,6/17/2024,29,4,17,8.0,59,52,073%,472.0,0.1371019562764433,7.019230769230769,OK,False,False,
Cucumber,Fruits & Vegetables,Innojam,6 Stang Hill,Backordered,38-822-8005,45-886-1540,1/19/2025,1/12/2025,3/31/2024,47,20,65,1.75,49,19,012%,85.75,0.024907823624375026,19.210526315789473,OK,False,False,
Potato,Fruits & Vegetables,Rhyzio,3 Del Mar Point,Active,38-390-2115,12-433-6490,1/19/2025,3/6/2024,3/1/2024,42,69,54,1.2,43,96,061%,51.6,0.014988264711577277,3.8020833333333335,HIGH,False,False,
Eggplant,Fruits & Vegetables,Blogtag,5 Loftsgordon Trail,Backordered,28-968-4195,17-562-1176,1/19/2025,7/17/2024,10/13/2024,97,52,80,3.0,22,90,-123%,66.0,0.019171036258994193,4.055555555555555,OK,False,False,
Greek Yogurt,Dairy,Skyndu,75 Bunting Junction,Discontinued,09-286-8107,90-727-4816,1/20/2025,9/7/2024,12/15/2024,90,62,54,3.0,70,83,-309%,210.0,0.06099875173316333,4.397590361445783,OK,False,False,
Apple,Fruits & Vegetables,Zava,42 Mallory Court,Discontinued,00-405-7428,42-746-2717,1/20/2025,1/27/2025,1/12/2025,81,74,45,3.5,42,23,-019%,147.0,0.04269912621321433,15.869565217391305,OK,False,False,
Short Grain Rice,Grains & Pulses,Snaptags,6 Orin Place,Discontinued,43-893-5408,25-414-2945,1/21/2025,3/20/2024,8/24/2024,60,90,85,3.0,47,9,045%,141.0,0.040956304735123954,40.55555555555556,HIGH,False,False,
Kiwi,Fruits & Vegetables,Fiveclub,80 Old Shore Plaza,Backordered,52-481-5224,46-382-2024,1/21/2025,2/7/2025,2/15/2025,45,24,61,6.0,44,34,081%,264.0,0.07668414503597677,10.735294117647058,OK,False,False,
Yogurt,Dairy,Eimbee,44249 Sutteridge Crossing,Discontinued,34-131-8805,84-472-8001,1/21/2025,9/10/2024,12/22/2024,92,92,28,1.75,50,67,023%,87.5,0.025416146555484725,5.447761194029851,HIGH,False,False,
Mackerel,Seafood,Dabfeed,08545 Lillian Street,Discontinued,36-840-2728,26-454-7297,1/21/2025,8/10/2024,3/14/2024,76,21,3,7.5,31,47,-034%,232.5,0.06753433227600227,7.76595744680851,OK,False,False,
Sunflower Oil,Oils & Fats,Ooba,1 Green Hill,Active,64-418-8356,91-451-2016,1/21/2025,11/13/2024,4/28/2024,80,24,60,2.5,98,38,-052%,245.0,0.07116521035535724,9.605263157894736,OK,False,False,
Lime,Fruits & Vegetables,Vinder,453 Dryden Park,Backordered,51-462-0747,40-417-9838,1/22/2025,2/7/2025,3/10/2024,21,30,32,2.0,43,54,061%,86.0,0.02498044118596213,6.7592592592592595,HIGH,False,False,
Sushi Rice,Grains & Pulses,Meembee,44296 Kropf Avenue,Backordered,74-711-7160,40-662-8853,1/22/2025,12/28/2024,6/1/2024,84,69,77,4.5,39,69,-026%,175.5,0.05097752823414364,5.2898550724637685,OK,False,False,
Watermelon,Fruits & Vegetables,Jaxspan,00064 Mosinee Circle,Active,44-637-5512,27-541-2645,1/22/2025,1/12/2025,5/26/2024,58,12,99,3.0,71,30,-077%,213.0,0.06187016247220853,12.166666666666666,OK,False,False,
Green Tea,Beverages,Skalith,1223 Monument Drive,Backordered,27-881-1177,64-807-5250,1/23/2025,7/3/2024,11/23/2024,34,47,99,8.0,97,47,058%,776.0,0.22540491116635597,7.76595744680851,HIGH,False,True,Reorder / expedite replenishment
Almond Flour,Grains & Pulses,Pixonyx,879 Amoth Terrace,Active,72-404-5581,18-065-8014,1/23/2025,8/7/2024,2/8/2025,54,17,90,9.5,60,20,052%,570.0,0.1655680404185862,18.25,OK,False,False,
Corn Oil,Oils & Fats,Youbridge,931 Browning Center,Backordered,12-046-2988,37-630-2250,1/25/2025,1/24/2025,11/21/2024,17,63,66,2.5,23,46,067%,57.5,0.01670203916503282,7.934782608695652,HIGH,False,False,
Black Coffee,Beverages,Realpoint,564 Hazelcrest Crossing,Backordered,21-816-1004,68-482-4786,1/26/2025,12/4/2024,7/22/2024,84,13,88,15.0,25,34,-100%,375.0,0.10892634238064883,10.735294117647058,OK,False,False,
Sardines,Seafood,Shufflester,65721 Caliangt Crossing,Discontinued,81-605-6246,62-086-0407,1/26/2025,3/2/2024,3/6/2024,73,31,49,6.0,22,47,-036%,132.0,0.038342072517988386,7.76595744680851,OK,False,False,
Parmesan Cheese,Dairy,Rhyloo,89 Springs Alley,Active,11-815-7923,98-304-8407,1/26/2025,6/16/2024,8/6/2024,96,9,57,11.8,78,67,-114%,920.4000000000001,0.26734881473906447,5.447761194029851,OK,False,False,
Tilapia,Seafood,Geba,1792 Crownhardt Street,Active,26-456-1992,60-159-3514,1/26/2025,12/23/2024,7/29/2024,56,59,87,7.0,65,45,014%,455.0,0.13216396208852055,8.11111111111111,HIGH,False,False,
Cucumber,Fruits & Vegetables,Bubblemix,0847 Artisan Hill,Active,63-168-6018,01-853-2191,1/26/2025,10/3/2024,5/1/2024,60,63,81,1.8,74,31,031%,133.20000000000002,0.03869063681360647,11.774193548387096,HIGH,False,False,
Sourdough Bread,Bakery,Flashspan,24045 Bluestem Point,Active,70-854-6891,79-575-9351,1/28/2025,11/28/2024,11/12/2024,41,84,90,4.0,42,65,058%,168.0,0.04879900138653067,5.615384615384615,HIGH,False,False,
Mozzarella Cheese,Dairy,Dazzlesphere,9305 Warrior Way,Discontinued,87-762-1317,58-474-3510,1/28/2025,11/20/2024,2/9/2025,45,63,75,7.0,83,5,-055%,581.0,0.16876321312841858,73.0,HIGH,False,True,Reorder / expedite replenishment
Herbal Tea,Beverages,Browsecat,13 Bluejay Way,Backordered,80-374-5711,77-566-9826,1/28/2025,10/5/2024,12/7/2024,48,77,81,31.0,70,74,094%,2170.0,0.6303204345760212,4.9324324324324325,HIGH,False,False,
Cheddar Cheese,Dairy,Oyoba,710 Service Park,Backordered,60-456-8169,54-529-4459,1/28/2025,2/28/2024,2/25/2024,21,28,72,9.0,69,51,-006%,621.0,0.18038202298235442,7.1568627450980395,HIGH,False,False,
Lemon,Fruits & Vegetables,Livetube,71796 Waubesa Terrace,Backordered,99-543-5039,63-683-7396,1/28/2025,11/20/2024,7/29/2024,65,88,20,2.5,89,37,026%,222.5,0.0646296298125183,9.864864864864865,HIGH,False,True,Reorder / expedite replenishment
Sesame Oil,Oils & Fats,Yotz,545 Farwell Lane,Active,72-810-9753,17-359-2527,1/28/2025,2/7/2025,12/12/2024,14,84,15,6.5,51,73,058%,331.5,0.09629088666449355,5.0,HIGH,False,False,
Sushi Rice,Grains & Pulses,Photobug,9 Burrows Junction,Discontinued,78-956-4737,76-712-0418,1/29/2025,5/19/2024,4/18/2024,47,1,60,4.2,32,87,-043%,134.4,0.039039201109224535,4.195402298850575,OK,False,False,
Apple,Fruits & Vegetables,Omba,5 Eggendart Parkway,Backordered,46-415-8633,32-497-0478,1/29/2025,11/17/2024,1/2/2025,71,36,45,3.5,87,2,-172%,304.5,0.08844819001308683,182.5,OK,True,False,Consider rationalize / delist
Peanut Oil,Oils & Fats,Bluezoom,16 Autumn Leaf Way,Backordered,06-611-5454,43-786-9229,1/30/2025,10/11/2024,11/16/2024,64,21,13,4.0,51,26,098%,204.0,0.05925593025507296,14.038461538461538,OK,False,False,
Feta Cheese,Dairy,Thoughtstorm,6 Tony Junction,Discontinued,27-783-5470,45-997-6429,1/30/2025,7/27/2024,3/16/2024,74,65,5,7.0,21,42,049%,147.0,0.04269912621321433,8.69047619047619,OK,False,False,
Ricotta Cheese,Dairy,Shufflebeat,19112 Little Fleur Road,Discontinued,55-697-5242,74-726-0855,1/31/2025,6/30/2024,9/24/2024,51,53,88,6.0,54,59,-100%,324.0,0.09411235981688058,6.186440677966102,HIGH,False,False,
Apricot,Fruits & Vegetables,LiveZ,38 Dawn Street,Discontinued,15-082-9124,02-997-1489,1/31/2025,10/8/2024,5/7/2024,89,35,19,5.0,49,55,-009%,245.0,0.07116521035535724,6.636363636363637,OK,False,False,
Evaporated Milk,Dairy,Buzzshare,579 Schlimgen Alley,Discontinued,06-996-3221,97-821-7402,10/13/2024,12/4/2024,6/10/2024,11,9,65,2.0,48,96,-012%,96.0,0.027885143649446095,3.8020833333333335,OK,False,False,
Haddock,Seafood,Rhybox,9 Anhalt Trail,Active,45-634-0679,29-542-9338,10/13/2024,2/28/2024,8/27/2024,98,100,34,9.0,53,20,-100%,477.0,0.1385543075081853,18.25,HIGH,False,False,
Rye Bread,Bakery,Kwilith,85 Lunder Court,Active,15-796-3130,45-912-2948,10/14/2024,4/17/2024,5/29/2024,50,58,78,3.0,83,49,062%,249.0,0.07232709134075081,7.448979591836735,HIGH,False,True,Reorder / expedite replenishment
Green Tea,Beverages,Vidoo,51369 Dawn Hill,Active,51-000-8113,56-825-0880,10/14/2024,1/31/2025,11/20/2024,24,27,35,8.0,49,58,041%,392.0,0.11386433656857156,6.293103448275862,HIGH,False,False,
Powdered Sugar,Grains & Pulses,Aivee,9050 Dorton Pass,Active,20-387-7746,08-218-9429,10/14/2024,6/5/2024,10/27/2024,64,10,100,2.5,97,52,-018%,242.5,0.07043903473948623,7.019230769230769,OK,False,False,
Asparagus,Fruits & Vegetables,Vitz,856 School Plaza,Discontinued,82-931-7126,67-596-1997,10/14/2024,10/17/2024,5/12/2024,34,95,18,5.0,41,26,046%,205.0,0.059546400501421355,14.038461538461538,HIGH,False,False,
Greek Yogurt,Dairy,Avamba,82 Drewry Junction,Active,55-631-7937,79-508-5241,10/15/2024,6/19/2024,1/21/2025,26,54,90,3.0,25,81,037%,75.0,0.021785268476129764,4.506172839506172,HIGH,False,False,
Potato,Fruits & Vegetables,Centimia,9067 Valley Edge Park,Backordered,11-338-4598,72-360-6358,10/16/2024,2/3/2025,2/23/2025,72,58,69,1.2,96,23,-224%,115.19999999999999,0.03346217237933531,15.869565217391305,OK,False,False,
Broccoli,Fruits & Vegetables,Plajo,185 Stone Corner Parkway,Active,52-402-9245,37-519-7762,10/16/2024,2/12/2025,9/19/2024,89,40,64,4.0,93,48,076%,372.0,0.10805493164160362,7.604166666666667,OK,False,False,
Olive Oil,Oils & Fats,Fliptune,205 Straubel Court,Active,09-536-2626,14-483-5712,10/17/2024,8/26/2024,3/21/2024,83,52,32,6.0,47,7,048%,282.0,0.08191260947024791,52.142857142857146,OK,False,False,
Arabica Coffee,Beverages,Jetpulse,2 7th Center,Backordered,48-427-0551,01-900-4509,10/17/2024,12/16/2024,11/3/2024,13,55,77,20.0,67,68,085%,1340.0,0.38923013010685176,5.367647058823529,HIGH,False,False,
Green Tea,Beverages,Tanoodle,443 Browning Terrace,Backordered,06-706-6490,85-670-6379,10/18/2024,7/3/2024,3/15/2024,15,66,85,8.0,60,40,-001%,480.0,0.1394257182472305,9.125,HIGH,False,False,
Jasmine Rice,Grains & Pulses,Babblestorm,97 Utah Lane,Backordered,29-135-0791,05-050-4384,10/18/2024,12/21/2024,1/11/2025,56,48,82,4.75,71,65,033%,337.25,0.09796109058099683,5.615384615384615,OK,False,False,
Asparagus,Fruits & Vegetables,Jaxspan,25 Drewry Alley,Backordered,89-624-7462,39-506-2186,10/18/2024,2/16/2025,11/24/2024,18,3,39,5.0,58,61,008%,290.0,0.08423637144103507,5.983606557377049,OK,False,False,
Wild Rice,Grains & Pulses,Kayveo,77 Monument Court,Discontinued,82-231-4245,96-177-4040,10/18/2024,8/28/2024,1/16/2025,32,91,80,10.0,69,80,-005%,690.0,0.20042446998039384,4.5625,HIGH,False,False,
White Sugar,Grains & Pulses,Zooxo,61932 Cascade Crossing,Backordered,42-220-9305,56-092-7992,10/19/2024,12/11/2024,10/14/2024,91,98,6,2.0,100,20,-016%,200.0,0.05809404926967937,18.25,HIGH,False,True,Reorder / expedite replenishment
White Bread,Bakery,Skyble,4 Judy Hill,Backordered,02-920-4829,41-587-4864,10/19/2024,6/14/2024,5/22/2024,92,87,84,2.5,61,31,080%,152.5,0.044296712568130524,11.774193548387096,OK,False,False,
Robusta Coffee,Beverages,Demivee,58 La Follette Park,Discontinued,61-801-8665,78-283-9751,10/19/2024,12/6/2024,6/24/2024,42,88,17,10.5,34,51,049%,357.0,0.10369787794637768,7.1568627450980395,HIGH,False,False,
Trout,Seafood,Zazio,52105 Mandrake Place,Active,01-144-5960,80-848-7493,10/20/2024,5/29/2024,7/13/2024,75,25,99,12.0,89,42,-050%,1068.0,0.3102222231000878,8.69047619047619,OK,False,False,
Cucumber,Fruits & Vegetables,Flashset,83 Pleasure Street,Active,98-575-4736,44-429-6199,10/20/2024,5/25/2024,9/17/2024,76,11,15,1.8,22,91,053%,39.6,0.011502621755396516,4.010989010989011,OK,False,False,
Green Beans,Fruits & Vegetables,Izio,77 Monterey Avenue,Active,30-996-2526,30-942-0054,10/20/2024,2/28/2024,9/7/2024,86,90,39,2.1,98,85,-314%,205.8,0.05977877669850007,4.294117647058823,HIGH,False,True,Reorder / expedite replenishment
Cabbage,Fruits & Vegetables,Zoombox,0 Thackeray Point,Discontinued,45-380-4627,20-201-5639,10/20/2024,1/11/2025,2/16/2025,90,1,40,0.9,52,19,013%,46.800000000000004,0.013594007529104973,19.210526315789473,OK,False,False,
Onion,Fruits & Vegetables,Devpulse,06 Shopko Pass,Discontinued,47-548-6500,27-061-4764,10/20/2024,3/7/2024,12/25/2024,20,93,37,2.0,23,2,063%,46.0,0.013361631332026256,182.5,HIGH,True,False,Consider rationalize / delist
Brown Rice,Grains & Pulses,Oyondu,7020 Porter Trail,Backordered,30-591-7275,12-431-9207,10/21/2024,2/19/2025,1/18/2025,17,88,41,2.5,45,29,091%,112.5,0.03267790271419464,12.586206896551724,HIGH,False,False,
Peas,Fruits & Vegetables,Skipfire,160 Kings Street,Discontinued,38-296-6634,41-083-3955,10/22/2024,3/31/2024,12/10/2024,49,46,8,3.0,82,21,036%,246.0,0.07145568060170562,17.38095238095238,OK,False,False,
Swiss Cheese,Dairy,Janyx,80729 Homewood Plaza,Active,98-858-6323,79-086-1717,10/22/2024,1/7/2025,11/16/2024,20,17,71,8.0,50,65,074%,400.0,0.11618809853935874,5.615384615384615,OK,False,False,
Bread Flour,Grains & Pulses,Twitterwire,583 Loftsgordon Road,Discontinued,69-743-0161,29-774-6779,10/22/2024,8/14/2024,11/21/2024,99,54,71,1.5,80,10,-030%,120.0,0.03485642956180762,36.5,OK,False,False,
Anchovies,Seafood,Twitterbridge,5521 Wayridge Center,Backordered,71-067-3278,76-797-9430,10/22/2024,5/8/2024,8/16/2024,51,35,95,10.0,80,89,088%,800.0,0.23237619707871748,4.101123595505618,OK,False,False,
Canola Oil,Oils & Fats,Katz,685 Independence Junction,Discontinued,24-143-4957,29-968-4976,10/22/2024,6/22/2024,8/15/2024,25,97,63,2.3,72,23,-011%,165.6,0.048101872795294515,15.869565217391305,HIGH,False,False,
Parmesan Cheese,Dairy,Buzzbean,854 Kipling Point,Active,31-387-5020,02-811-7933,10/22/2024,12/17/2024,8/14/2024,63,41,98,11.9,37,7,068%,440.3,0.12789404946719915,52.142857142857146,OK,False,False,
Egg (Goose),Dairy,Tagchat,23560 Talmadge Center,Active,33-378-1365,31-483-9201,10/22/2024,12/7/2024,2/4/2025,50,66,1,2.5,76,73,081%,190.0,0.0551893468061954,5.0,HIGH,False,False,
Sardines,Seafood,Ntag,7193 Crownhardt Drive,Active,41-729-5410,71-727-8611,10/23/2024,4/5/2024,6/26/2024,91,59,49,6.0,30,63,004%,180.0,0.052284644342711434,5.7936507936507935,OK,False,False,
Olive Oil,Oils & Fats,Blogspan,76928 Tennyson Parkway,Active,33-335-9140,08-209-1598,10/24/2024,8/20/2024,8/27/2024,28,17,28,6.0,38,25,-110%,228.0,0.06622721616743447,14.6,OK,False,False,
Zucchini,Fruits & Vegetables,Katz,265 Columbus Way,Active,40-021-2400,62-648-2577,10/24/2024,11/16/2024,5/11/2024,29,18,86,2.5,53,69,034%,132.5,0.03848730764116258,5.2898550724637685,OK,False,False,
Mackerel,Seafood,Kazio,85953 Clyde Gallagher Drive,Active,81-268-5905,36-138-9045,10/24/2024,7/30/2024,6/14/2024,89,26,36,7.5,48,94,-030%,360.0,0.10456928868542287,3.882978723404255,OK,False,False,
Mushrooms,Fruits & Vegetables,Bluezoom,33145 Butterfield Avenue,Active,38-617-7226,91-215-9838,10/24/2024,6/19/2024,7/13/2024,65,42,62,6.3,54,2,-096%,340.2,0.09881797780772461,182.5,OK,True,False,Consider rationalize / delist
Cauliflower,Grains & Pulses,Shufflester,64389 Arkansas Alley,Backordered,54-822-9009,23-197-9965,10/25/2024,6/8/2024,1/3/2025,40,38,32,3.2,21,45,096%,67.2,0.019519600554612267,8.11111111111111,OK,False,False,
Rice Flour,Grains & Pulses,Jabberstorm,6738 Tennyson Road,Discontinued,02-655-3240,95-200-1972,10/25/2024,5/21/2024,6/20/2024,99,44,52,2.0,36,2,-114%,72.0,0.02091385773708457,182.5,OK,True,False,Consider rationalize / delist
Short Grain Rice,Grains & Pulses,Tanoodle,8 Hazelcrest Street,Active,01-839-6534,51-519-4588,10/25/2024,2/4/2025,9/2/2024,56,28,76,3.0,93,69,094%,279.0,0.08104119873120272,5.2898550724637685,OK,False,False,
Parmesan Cheese,Dairy,Skidoo,27 School Court,Discontinued,98-499-2220,69-666-2257,10/25/2024,4/22/2024,11/21/2024,37,3,45,12.0,39,28,026%,468.0,0.1359400752910497,13.035714285714286,OK,False,False,
Brown Rice,Grains & Pulses,Livetube,9951 Petterle Alley,Active,69-171-1305,33-733-7313,10/26/2024,6/18/2024,10/11/2024,31,29,57,2.5,25,22,028%,62.5,0.018154390396774803,16.59090909090909,OK,False,False,
White Tea,Beverages,Agivu,38 Banding Lane,Backordered,57-394-4703,52-130-3457,10/26/2024,1/7/2025,10/16/2024,81,83,36,25.0,74,86,012%,1850.0,0.5373699557445342,4.244186046511628,HIGH,False,False,
Bread Flour,Grains & Pulses,Avaveo,06 Lake View Trail,Backordered,58-946-5152,42-201-4328,10/26/2024,11/5/2024,7/10/2024,11,77,7,1.5,77,46,-016%,115.5,0.03354931345323984,7.934782608695652,HIGH,False,False,
Pear,Fruits & Vegetables,Gigaclub,84642 Clarendon Point,Active,74-587-2065,33-141-1402,10/27/2024,2/20/2025,3/2/2024,29,20,85,4.5,31,31,040%,139.5,0.04052059936560136,11.774193548387096,OK,False,False,
Zucchini,Fruits & Vegetables,Jaxspan,11 Golden Leaf Alley,Active,69-287-9113,20-952-0731,10/27/2024,6/29/2024,12/16/2024,59,91,24,2.5,54,87,000%,135.0,0.039213483257033575,4.195402298850575,HIGH,False,False,
Yogurt,Dairy,Wordpedia,6 Bobwhite Alley,Backordered,03-441-4252,11-430-6041,10/27/2024,6/28/2024,7/24/2024,12,83,93,1.75,22,9,-061%,38.5,0.011183104484413278,40.55555555555556,HIGH,False,False,
Lime,Fruits & Vegetables,Yata,7 Talmadge Street,Discontinued,29-344-3658,33-546-5056,10/27/2024,10/25/2024,9/19/2024,75,56,57,1.9,63,64,059%,119.69999999999999,0.034769288487903095,5.703125,OK,False,False,
Trout,Seafood,Topicblab,374 Blue Bill Park Point,Active,12-342-4482,71-300-8176,10/27/2024,9/30/2024,8/29/2024,67,83,90,11.6,66,77,-002%,765.6,0.22238402060433266,4.740259740259741,HIGH,False,False,
White Sugar,Grains & Pulses,Devpoint,185 Saint Paul Road,Backordered,99-894-4351,45-602-6533,10/27/2024,2/24/2025,12/25/2024,29,54,54,2.0,58,63,-017%,116.0,0.03369454857641403,5.7936507936507935,HIGH,False,False,
Carrot,Fruits & Vegetables,Gigaclub,1509 Hoard Circle,Discontinued,34-709-9237,66-680-8738,10/27/2024,3/13/2024,4/24/2024,61,81,99,1.5,26,76,-009%,39.0,0.011328339607587477,4.802631578947368,HIGH,False,False,
Cauliflower,Fruits & Vegetables,Abata,30408 5th Way,Active,05-498-7751,17-963-6051,10/28/2024,7/10/2024,3/24/2024,52,22,37,2.5,56,44,-192%,140.0,0.04066583448877556,8.295454545454545,OK,False,False,
Greek Yogurt,Fruits & Vegetables,Quaxo,0500 Calypso Pass,Backordered,32-270-1385,81-072-8266,10/28/2024,12/15/2024,8/8/2024,28,38,23,42.58,48,56,021%,2043.84,0.5936747082967074,6.517857142857143,HIGH,False,False,
Bread Flour,Grains & Pulses,Skynoodle,978 Shasta Lane,Active,67-710-5120,00-131-9278,10/29/2024,12/29/2024,2/25/2024,84,92,18,1.5,92,69,-017%,138.0,0.040084893996078765,5.2898550724637685,HIGH,False,True,Reorder / expedite replenishment
Mushrooms,Fruits & Vegetables,Demivee,524 Saint Paul Park,Backordered,37-709-3532,08-439-3820,10/29/2024,11/7/2024,5/11/2024,79,45,39,6.0,55,20,025%,330.0,0.09585518129497096,18.25,OK,False,False,
Sesame Oil,Oils & Fats,Shuffledrive,9 Meadow Vale Drive,Backordered,60-311-5701,07-578-7055,10/29/2024,10/19/2024,7/17/2024,39,78,97,6.5,54,89,064%,351.0,0.10195505646828729,4.101123595505618,HIGH,False,False,
Buttermilk,Dairy,Twitterlist,467 Dexter Pass,Discontinued,97-093-4278,38-200-4863,10/29/2024,4/9/2024,6/1/2024,69,98,89,2.55,29,34,-065%,73.94999999999999,0.021480274717463943,10.735294117647058,HIGH,False,False,
Almond Flour,Grains & Pulses,Camido,16 Fair Oaks Pass,Backordered,41-131-3841,55-269-1746,10/29/2024,1/23/2025,3/20/2024,77,19,31,9.5,27,25,-017%,256.5,0.07450561818836379,14.6,OK,False,False,
Cherry,Fruits & Vegetables,Voomm,8119 Homewood Drive,Discontinued,40-630-1431,61-040-9004,10/29/2024,7/11/2024,11/7/2024,29,66,21,8.0,74,93,007%,592.0,0.17195838583825093,3.924731182795699,HIGH,False,False,
Palm Oil,Oils & Fats,Dynabox,4571 Fremont Way,Active,64-493-5270,36-964-9838,10/30/2024,5/23/2024,5/22/2024,69,59,29,1.8,63,91,-026%,113.4,0.032939325935908204,4.010989010989011,OK,False,False,
Palm Oil,Oils & Fats,Skibox,357 High Crossing Parkway,Active,07-219-8017,95-148-9287,10/31/2024,8/13/2024,11/8/2024,40,2,58,1.8,71,10,-044%,127.8,0.037122097483325116,36.5,OK,False,False,
Onion,Fruits & Vegetables,Skyndu,03 Roth Court,Discontinued,73-751-4393,14-486-5626,10/31/2024,6/7/2024,3/23/2024,68,10,29,2.0,37,11,086%,74.0,0.021494798229781367,33.18181818181818,OK,False,False,
Peas,Fruits & Vegetables,Meedoo,7182 Summit Court,Backordered,50-942-2409,69-472-4067,10/31/2024,4/23/2024,12/10/2024,75,91,68,3.0,96,73,070%,288.0,0.08365543094833829,5.0,HIGH,False,True,Reorder / expedite replenishment
Chocolate Biscuit,Bakery,Chatterbridge,481 Mifflin Hill,Backordered,01-018-6418,78-888-6073,11/13/2024,9/27/2024,7/16/2024,68,29,100,5.0,70,26,024%,350.0,0.1016645862219389,14.038461538461538,OK,False,False,
Arabica Coffee,Beverages,Zoozzy,697 Hoepker Center,Active,59-725-4038,39-055-1703,11/13/2024,8/26/2024,8/23/2024,78,34,39,20.5,62,2,063%,1271.0,0.3691876831088124,182.5,OK,True,False,Consider rationalize / delist
Yogurt,Dairy,Browsecat,5551 Mallory Lane,Backordered,40-997-2786,18-743-4684,11/14/2024,5/23/2024,10/14/2024,76,98,41,1.75,62,48,097%,108.5,0.03151602172880106,7.604166666666667,HIGH,False,False,
Watermelon,Fruits & Vegetables,Jabbersphere,20 Nelson Way,Discontinued,11-766-8738,96-393-1428,11/14/2024,11/30/2024,3/22/2024,27,64,43,3.0,70,58,023%,210.0,0.06099875173316333,6.293103448275862,HIGH,False,False,
Arabica Coffee,Beverages,Yadel,988 Southridge Way,Active,40-860-4532,73-625-5112,11/15/2024,2/27/2024,2/5/2025,74,72,18,21.0,83,54,017%,1743.0,0.5062896393852557,6.7592592592592595,OK,False,False,
Bread Flour,Grains & Pulses,Mynte,52691 8th Drive,Active,55-936-2406,29-689-5014,11/16/2024,3/9/2024,4/5/2024,27,93,88,1.5,66,13,035%,99.0,0.02875655438849129,28.076923076923077,HIGH,False,False,
Rice Flour,Grains & Pulses,Photobug,04 Blaine Lane,Backordered,62-816-8794,56-110-5754,11/16/2024,6/17/2024,2/6/2025,15,76,81,2.0,90,26,080%,180.0,0.052284644342711434,14.038461538461538,HIGH,False,True,Reorder / expedite replenishment
Buttermilk,Dairy,Trilia,55095 Northview Drive,Active,04-104-6993,06-776-1072,11/16/2024,8/27/2024,10/15/2024,60,1,42,2.45,42,91,071%,102.9,0.029889388349250035,4.010989010989011,OK,False,False,
Tilapia,Seafood,Fiveclub,509 Carpenter Trail,Backordered,35-835-5591,54-876-4296,11/17/2024,6/5/2024,3/8/2024,95,63,73,7.0,61,38,-117%,427.0,0.12403079519076544,9.605263157894736,OK,False,False,
Arabica Coffee,Beverages,Feedmix,298 Corry Plaza,Discontinued,83-704-6367,41-628-8713,11/17/2024,9/2/2024,9/7/2024,21,87,12,21.0,20,38,038%,420.0,0.12199750346632666,9.605263157894736,HIGH,False,False,
Blueberries,Fruits & Vegetables,Kayveo,9 Karstens Center,Discontinued,60-771-0879,90-554-0576,11/17/2024,2/11/2025,5/3/2024,89,15,22,10.0,79,42,-090%,790.0,0.2294714946152335,8.69047619047619,OK,False,False,
Pineapple,Fruits & Vegetables,Rhyloo,1661 Springview Terrace,Active,27-269-5260,54-724-8610,11/17/2024,3/15/2024,10/22/2024,14,81,65,3.5,74,84,047%,259.0,0.07523179380423478,4.345238095238095,HIGH,False,False,
Mango,Fruits & Vegetables,Oyoloo,8239 Laurel Way,Discontinued,20-031-0532,35-835-8848,11/17/2024,7/25/2024,11/9/2024,32,63,92,4.9,84,34,-014%,411.6,0.11955755339700014,10.735294117647058,HIGH,False,True,Reorder / expedite replenishment
Halibut,Seafood,Skidoo,5 Ohio Lane,Backordered,19-323-0506,28-977-3789,11/17/2024,4/28/2024,10/15/2024,68,43,96,20.0,75,35,060%,1500.0,0.4357053695225953,10.428571428571429,OK,False,False,
Egg (Duck),Dairy,Wordify,55782 Welch Hill,Active,46-452-9419,67-137-4215,11/18/2024,11/14/2024,7/8/2024,43,10,15,1.0,27,69,053%,27.0,0.007842696651406715,5.2898550724637685,OK,False,False,
Pomegranate,Fruits & Vegetables,Shuffledrive,54 Pawling Crossing,Discontinued,90-492-0564,18-085-1667,11/18/2024,6/25/2024,7/20/2024,92,96,56,6.0,32,22,-156%,192.0,0.05577028729889219,16.59090909090909,HIGH,False,False,
Plum,Fruits & Vegetables,Lajo,8 Oriole Terrace,Backordered,17-395-1121,67-252-3923,11/18/2024,10/8/2024,12/3/2024,85,16,74,3.85,58,36,031%,223.3,0.06486200600959702,10.13888888888889,OK,False,False,
Mozzarella Cheese,Dairy,Eidel,40 Merchant Terrace,Active,83-400-9746,02-510-0629,11/18/2024,7/12/2024,2/29/2024,24,1,65,7.0,58,61,038%,406.0,0.11793092001744912,5.983606557377049,OK,False,False,
Watermelon,Fruits & Vegetables,Dabjam,4 Dakota Avenue,Backordered,19-854-3663,72-509-7548,11/19/2024,5/5/2024,12/14/2024,13,88,11,3.0,100,52,-005%,300.0,0.08714107390451906,7.019230769230769,HIGH,False,True,Reorder / expedite replenishment
Haddock,Seafood,Rhybox,1005 Lyons Junction,Discontinued,57-167-0669,30-934-3251,11/21/2024,2/17/2025,12/30/2024,19,99,78,9.0,29,54,048%,261.0,0.07581273429693157,6.7592592592592595,HIGH,False,False,
Arabica Coffee,Beverages,Mynte,43024 Elka Avenue,Backordered,76-954-1442,68-200-8955,11/22/2024,4/24/2024,3/18/2024,97,77,99,20.0,74,98,-086%,1480.0,0.42989596459562734,3.7244897959183674,OK,False,False,
Buttermilk,Dairy,Jatri,5 Armistice Parkway,Backordered,83-763-5038,26-438-8349,11/22/2024,9/9/2024,10/23/2024,52,64,54,2.4,21,55,-032%,50.4,0.014639700415959201,6.636363636363637,HIGH,False,False,
Swiss Cheese,Dairy,Centidel,3831 Goodland Road,Discontinued,80-375-9075,86-487-3354,11/23/2024,10/20/2024,6/19/2024,96,34,57,8.0,71,17,-162%,568.0,0.16498709992588942,21.470588235294116,OK,False,False,
Corn Oil,Oils & Fats,Centizu,92486 Laurel Alley,Discontinued,87-391-9658,51-054-1226,11/23/2024,9/18/2024,1/7/2025,26,100,13,2.5,45,45,076%,112.5,0.03267790271419464,8.11111111111111,HIGH,False,False,
Brown Rice,Grains & Pulses,Quinu,9 Victoria Point,Backordered,67-725-6830,05-727-0033,11/23/2024,8/11/2024,6/18/2024,51,47,6,2.5,53,4,000%,132.5,0.03848730764116258,91.25,OK,True,False,Consider rationalize / delist
Arborio Rice,Grains & Pulses,Feednation,6748 Mitchell Road,Active,12-093-9863,21-416-3796,11/23/2024,2/9/2025,6/26/2024,51,19,96,4.5,73,42,092%,328.5,0.09541947592544836,8.69047619047619,OK,False,False,
Eggplant,Fruits & Vegetables,Eire,81 Oneill Circle,Backordered,44-408-7594,08-828-3804,11/24/2024,5/1/2024,1/8/2025,39,21,5,3.0,51,98,042%,153.0,0.04444194769130472,3.7244897959183674,OK,False,False,
Apricot,Fruits & Vegetables,Zoonder,537 Maple Alley,Active,04-637-8815,60-959-6355,11/24/2024,11/27/2024,11/24/2024,90,91,62,5.0,34,72,-092%,170.0,0.049379941879227465,5.069444444444445,HIGH,False,False,
Onion,Fruits & Vegetables,Skiba,82737 Ryan Place,Active,88-746-9468,06-159-1957,11/25/2024,2/3/2025,11/14/2024,35,92,74,2.0,76,32,-112%,152.0,0.044151477444956316,11.40625,HIGH,False,False,
Green Tea,Beverages,Zoovu,7 Hallows Alley,Backordered,32-987-5559,01-665-0053,11/25/2024,1/30/2025,5/15/2024,39,88,100,8.0,28,18,058%,224.0,0.06506533518204088,20.27777777777778,HIGH,False,False,
Short Grain Rice,Grains & Pulses,Quatz,60 Main Pass,Active,02-484-0206,62-011-9357,11/25/2024,8/20/2024,8/2/2024,64,97,91,3.0,48,100,036%,144.0,0.04182771547416914,3.65,HIGH,False,False,
Wild Rice,Grains & Pulses,Yoveo,652 High Crossing Lane,Active,80-441-7249,35-979-6839,11/25/2024,4/14/2024,8/10/2024,98,30,39,10.0,31,26,-108%,310.0,0.09004577636800302,14.038461538461538,OK,False,False,
Arborio Rice,Grains & Pulses,Realcube,03416 Valley Edge Circle,Active,41-316-8427,75-867-3635,11/26/2024,9/6/2024,9/21/2024,95,93,16,4.5,60,19,016%,270.0,0.07842696651406715,19.210526315789473,OK,False,False,
Vegetable Oil,Oils & Fats,Vimbo,05686 Golden Leaf Point,Discontinued,56-668-5370,13-526-1392,11/26/2024,9/10/2024,8/3/2024,70,96,21,2.0,100,15,068%,200.0,0.05809404926967937,24.333333333333332,HIGH,False,True,Reorder / expedite replenishment
Papaya,Fruits & Vegetables,Brightbean,11 Kedzie Avenue,Active,45-172-7012,95-721-9228,11/26/2024,12/13/2024,12/1/2024,20,91,12,4.5,35,50,085%,157.5,0.0457490637998725,7.3,HIGH,False,False,
Pineapple,Fruits & Vegetables,Gigashots,1 Pleasure Hill,Discontinued,93-015-0811,07-055-5188,11/26/2024,8/5/2024,6/26/2024,18,7,58,3.5,88,96,-043%,308.0,0.08946483587530622,3.8020833333333335,OK,False,False,
Coconut Oil,Oils & Fats,Brightdog,08896 Evergreen Avenue,Discontinued,52-029-2382,16-474-4516,11/26/2024,8/15/2024,4/8/2024,54,86,69,5.0,29,8,-009%,145.0,0.04211818572051754,45.625,HIGH,False,False,
Papaya,Fruits & Vegetables,Yakijo,309 Burning Wood Center,Discontinued,28-044-4102,93-358-1118,11/26/2024,3/1/2024,8/27/2024,19,28,83,4.5,91,73,072%,409.5,0.11894756587966851,5.0,HIGH,False,True,Reorder / expedite replenishment
Ricotta Cheese,Dairy,Photobug,113 Donald Court,Active,34-861-4446,40-696-4237,11/27/2024,1/18/2025,1/6/2025,66,40,8,6.0,43,49,020%,258.0,0.0749413235578864,7.448979591836735,OK,False,False,
Grapes,Fruits & Vegetables,Camimbo,611 Waubesa Circle,Discontinued,80-334-0215,19-156-3869,11/27/2024,4/30/2024,6/22/2024,88,27,92,5.5,57,37,-014%,313.5,0.09106242223022241,9.864864864864865,OK,False,False,
Sourdough Bread,Bakery,Zoomlounge,44 Thompson Terrace,Discontinued,94-697-2396,34-161-7429,11/27/2024,2/26/2024,7/7/2024,71,97,44,4.0,58,14,035%,232.0,0.06738909715282806,26.071428571428573,HIGH,False,False,
Onion,Fruits & Vegetables,Tavu,425 Shasta Terrace,Active,76-027-4850,75-256-5638,11/27/2024,8/26/2024,6/24/2024,39,37,48,2.0,25,19,076%,50.0,0.014523512317419843,19.210526315789473,OK,False,False,
Plum,Fruits & Vegetables,Brainsphere,21633 Sycamore Center,Discontinued,15-907-3681,72-931-9828,11/28/2024,1/27/2025,2/20/2025,20,42,21,3.85,61,25,024%,234.85,0.068216937354921,14.6,HIGH,False,False,
Black Coffee,Beverages,Brainverse,797 Mcbride Lane,Discontinued,00-641-8691,34-824-0575,11/28/2024,9/24/2024,8/30/2024,33,22,94,15.0,96,56,059%,1440.0,0.41827715474169147,6.517857142857143,OK,False,False,
Lime,Fruits & Vegetables,Tazz,083 Mccormick Park,Backordered,15-762-1058,32-914-1424,11/29/2024,2/7/2025,1/4/2025,29,83,91,2.0,81,53,042%,162.0,0.04705617990844029,6.886792452830188,HIGH,False,True,Reorder / expedite replenishment
Black Rice,Grains & Pulses,Zazio,38436 Anthes Way,Backordered,57-779-4955,84-869-9980,11/29/2024,12/1/2024,1/20/2025,92,48,22,6.25,38,61,035%,237.5,0.06898668350774426,5.983606557377049,OK,False,False,
Egg (Duck),Dairy,Aivee,1 Mockingbird Parkway,Backordered,68-436-1268,10-694-6636,11/30/2024,8/17/2024,7/11/2024,70,92,74,1.0,95,26,-061%,95.0,0.0275946734030977,14.038461538461538,HIGH,False,True,Reorder / expedite replenishment
Parmesan Cheese,Dairy,Quatz,3 Bayside Point,Backordered,26-000-1012,60-284-1974,11/30/2024,11/29/2024,4/12/2024,65,54,29,12.0,69,79,073%,828.0,0.2405093639764726,4.620253164556962,OK,False,False,
Rye Bread,Bakery,Vitz,13 Forest Run Place,Discontinued,75-094-1179,57-615-0729,12/13/2024,2/9/2025,7/18/2024,26,79,31,3.0,47,41,-014%,141.0,0.040956304735123954,8.902439024390244,HIGH,False,False,
Peas,Fruits & Vegetables,Edgepulse,553 Mayfield Crossing,Backordered,11-032-9778,42-380-8881,12/13/2024,1/27/2025,8/19/2024,99,1,4,3.0,50,53,013%,150.0,0.04357053695225953,6.886792452830188,OK,False,False,
Multigrain Bread,Bakery,Bubblebox,55276 Golf Hill,Active,24-478-8277,64-070-7611,12/13/2024,1/12/2025,11/26/2024,47,26,40,3.25,30,72,-006%,97.5,0.028320849018968693,5.069444444444445,OK,False,False,
Potato,Fruits & Vegetables,Tagtune,924 La Follette Alley,Active,12-239-9399,53-584-1853,12/14/2024,7/29/2024,10/27/2024,28,40,27,1.2,30,56,-140%,36.0,0.010456928868542286,6.517857142857143,HIGH,False,False,
Egg (Duck),Dairy,Yombu,35598 Fuller Terrace,Discontinued,83-321-7887,70-444-9176,12/14/2024,11/29/2024,8/2/2024,44,75,72,1.0,96,38,-087%,96.0,0.027885143649446095,9.605263157894736,HIGH,False,True,Reorder / expedite replenishment
Cottage Cheese,Dairy,Divape,163 Esch Pass,Backordered,80-371-3695,42-254-7371,12/15/2024,11/30/2024,12/10/2024,89,42,76,5.0,94,81,060%,470.0,0.13652101578374654,4.506172839506172,OK,False,False,
Tomato,Fruits & Vegetables,Thoughtbeat,77 Brown Circle,Discontinued,49-199-6836,81-999-7392,12/15/2024,12/30/2024,8/24/2024,100,64,62,2.5,84,44,014%,210.0,0.06099875173316333,8.295454545454545,OK,False,False,
White Bread,Bakery,Mybuzz,8 Merrick Lane,Discontinued,85-510-2915,55-134-2668,12/16/2024,5/29/2024,10/9/2024,62,49,38,2.5,42,44,048%,105.0,0.030499375866581666,8.295454545454545,OK,False,False,
Lettuce,Fruits & Vegetables,Meemm,9 Cardinal Alley,Backordered,08-637-9335,99-178-0951,12/16/2024,3/6/2024,7/25/2024,100,7,14,2.0,26,33,-005%,52.0,0.015104452810116636,11.06060606060606,OK,False,False,
Egg (Turkey),Dairy,Browsecat,93 Longview Junction,Backordered,85-212-2729,58-226-6435,12/17/2024,12/21/2024,5/16/2024,42,94,79,2.5,61,92,-027%,152.5,0.044296712568130524,3.967391304347826,HIGH,False,False,
Long Grain Rice,Grains & Pulses,Fivebridge,04776 Saint Paul Park,Discontinued,51-469-4611,62-029-0827,12/18/2024,5/24/2024,1/7/2025,62,81,91,1.6,100,42,-051%,160.0,0.0464752394157435,8.69047619047619,HIGH,False,True,Reorder / expedite replenishment
Coconut,Fruits & Vegetables,Browseblab,7945 Mayer Center,Discontinued,34-928-2775,07-959-3210,12/18/2024,2/24/2025,1/28/2025,19,47,25,5.0,96,37,058%,480.0,0.1394257182472305,9.864864864864865,HIGH,False,True,Reorder / expedite replenishment
Salmon,Seafood,Buzzshare,9433 Jenna Lane,Backordered,32-676-1026,98-155-9583,12/18/2024,6/4/2024,4/16/2024,52,46,12,15.0,43,34,061%,645.0,0.18735330889471596,10.735294117647058,OK,False,False,
Sourdough Bread,Bakery,Thoughtstorm,2 Grayhawk Junction,Discontinued,53-080-8252,73-744-7022,12/19/2024,9/24/2024,11/20/2024,30,85,21,4.5,32,83,021%,144.0,0.04182771547416914,4.397590361445783,HIGH,False,False,
Kale,Fruits & Vegetables,Yodoo,6744 Helena Pass,Active,49-526-7806,66-973-4855,12/19/2024,11/19/2024,5/1/2024,77,52,28,4.0,48,43,-159%,192.0,0.05577028729889219,8.488372093023257,OK,False,False,
Ricotta Cheese,Dairy,Kwideo,803 Cottonwood Crossing,Discontinued,31-157-1822,53-998-1422,12/19/2024,7/30/2024,1/28/2025,96,80,20,6.1,94,49,010%,573.4,0.16655563925617073,7.448979591836735,OK,False,False,
Haddock,Seafood,Geba,269 Dakota Trail,Backordered,91-426-3204,86-184-4829,12/19/2024,4/14/2024,7/8/2024,67,71,4,9.0,76,34,048%,684.0,0.19868164850230347,10.735294117647058,HIGH,False,False,
Anchovies,Seafood,Voolia,7 Harper Drive,Backordered,64-109-7362,38-603-6412,12/19/2024,7/9/2024,9/29/2024,86,55,96,10.0,37,53,055%,370.0,0.10747399114890684,6.886792452830188,OK,False,False,
Parmesan Cheese,Dairy,Feedspan,49869 Bunker Hill Terrace,Active,68-418-6724,75-465-6257,12/21/2024,1/13/2025,9/30/2024,63,4,85,12.0,59,71,-043%,708.0,0.20565293441466495,5.140845070422535,OK,False,False,
Digestive Biscuit,Bakery,Dynabox,7407 Farragut Pass,Active,93-813-2419,12-264-4503,12/21/2024,4/9/2024,6/22/2024,39,16,57,4.0,98,12,-020%,392.0,0.11386433656857156,30.416666666666668,OK,False,False,
Pomegranate,Fruits & Vegetables,Browsebug,7 Schiller Court,Backordered,52-123-8039,24-087-5935,12/21/2024,9/3/2024,1/16/2025,43,65,66,6.0,78,73,088%,468.0,0.1359400752910497,5.0,HIGH,False,True,Reorder / expedite replenishment
Tuna,Seafood,Youspan,11263 Kipling Hill,Backordered,74-666-5671,58-657-7257,12/21/2024,5/10/2024,5/4/2024,37,33,80,18.0,27,73,006%,486.0,0.14116853972532087,5.0,OK,False,False,
Zucchini,Fruits & Vegetables,Kare,70001 Vahlen Lane,Discontinued,26-161-6692,61-796-7912,12/22/2024,9/7/2024,9/19/2024,61,90,26,2.5,79,84,-170%,197.5,0.057367873653808375,4.345238095238095,HIGH,False,True,Reorder / expedite replenishment
Corn Oil,Oils & Fats,Devbug,82 Hintze Court,Discontinued,44-368-7112,85-978-7855,12/22/2024,5/2/2024,12/6/2024,28,32,71,2.5,32,49,-006%,80.0,0.02323761970787175,7.448979591836735,HIGH,False,False,
Egg (Duck),Dairy,Skipfire,6982 Crownhardt Circle,Active,01-820-5784,80-567-5598,12/23/2024,2/12/2025,4/26/2024,63,38,77,1.0,23,18,-053%,23.0,0.006680815666013128,20.27777777777778,OK,False,False,
Cabbage,,Rooxo,2 Butterfield Pass,Discontinued,10-378-9729,83-941-9620,12/23/2024,11/26/2024,9/21/2024,69,21,68,66.55,36,35,022%,2395.7999999999997,0.6959086162014891,10.428571428571429,OK,False,False,
Tuna,Seafood,Meedoo,14 Talmadge Park,Discontinued,39-479-5147,02-156-7270,12/24/2024,8/18/2024,4/4/2024,92,68,79,18.0,40,57,003%,720.0,0.20913857737084574,6.4035087719298245,OK,False,False,
Black Tea,Beverages,Devshare,44662 American Plaza,Discontinued,95-262-6208,66-227-1125,12/24/2024,4/15/2024,7/29/2024,19,78,90,5.0,72,84,-043%,360.0,0.10456928868542287,4.345238095238095,HIGH,False,False,
Pear,Fruits & Vegetables,Youspan,7051 Calypso Place,Backordered,37-248-6266,75-553-7424,12/24/2024,10/17/2024,5/24/2024,84,74,48,4.5,64,32,-017%,288.0,0.08365543094833829,11.40625,OK,False,False,
Lime,Fruits & Vegetables,Camido,4033 Sloan Hill,Backordered,43-851-9440,67-674-0287,12/24/2024,5/11/2024,3/4/2024,14,75,19,1.9,100,84,050%,190.0,0.0551893468061954,4.345238095238095,HIGH,False,True,Reorder / expedite replenishment
Cherry,Fruits & Vegetables,Rooxo,734 Thackeray Avenue,Active,11-053-0107,07-410-2867,12/25/2024,7/12/2024,6/28/2024,30,25,11,8.0,42,76,016%,336.0,0.09759800277306134,4.802631578947368,OK,False,False,
Lemon,Fruits & Vegetables,Avavee,31057 Roth Place,Backordered,28-608-0039,26-796-0872,12/26/2024,5/21/2024,4/15/2024,63,60,54,2.5,33,31,-081%,82.5,0.02396379532374274,11.774193548387096,OK,False,False,
White Tea,Beverages,Rhycero,9559 Muir Trail,Active,96-334-2593,64-831-3071,12/26/2024,6/27/2024,11/19/2024,60,27,58,25.3,43,91,006%,1087.9,0.31600258100242096,4.010989010989011,OK,False,False,
Tuna,Seafood,Tagcat,811 Dapin Center,Backordered,73-010-8323,80-622-6587,12/26/2024,2/27/2024,4/29/2024,16,34,89,18.0,35,52,-112%,630.0,0.18299625519949,7.019230769230769,HIGH,False,False,
White Rice,Grains & Pulses,Eimbee,1 Hollow Ridge Park,Discontinued,86-273-9377,38-330-5543,12/26/2024,12/4/2024,11/29/2024,18,86,20,1.8,64,34,-049%,115.2,0.03346217237933532,10.735294117647058,HIGH,False,False,
Bread Flour,Grains & Pulses,Jetpulse,8583 Northwestern Terrace,Discontinued,35-353-4068,44-199-6832,12/26/2024,12/18/2024,7/5/2024,64,11,97,1.5,33,83,047%,49.5,0.014378277194245646,4.397590361445783,OK,False,False,
Onion,Fruits & Vegetables,Mudo,42 Green Ridge Terrace,Backordered,02-974-8526,09-387-1119,12/26/2024,4/5/2024,8/7/2024,74,4,39,2.0,97,24,-152%,194.0,0.05635122779158899,15.208333333333334,OK,False,False,
Carrot,Fruits & Vegetables,Skynoodle,57453 Northwestern Alley,Backordered,95-252-9619,38-819-2922,12/27/2024,12/7/2024,11/9/2024,92,39,50,1.6,30,41,075%,48.0,0.013942571824723048,8.902439024390244,OK,False,False,
Arabica Coffee,Beverages,Rhycero,760 Butternut Plaza,Active,43-469-7551,64-361-4238,12/27/2024,5/26/2024,1/25/2025,45,36,97,20.0,36,6,-037%,720.0,0.20913857737084574,60.833333333333336,OK,False,False,
Heavy Cream,Dairy,Yadel,7943 Amoth Parkway,Active,08-495-6853,07-432-0137,12/27/2024,1/13/2025,8/14/2024,74,62,6,4.0,65,96,083%,260.0,0.07552226405058318,3.8020833333333335,OK,False,False,
Powdered Sugar,Grains & Pulses,Jabberstorm,53 Forest Run Plaza,Active,83-556-0996,81-234-0741,12/27/2024,2/20/2025,10/30/2024,88,34,94,2.4,95,63,-048%,228.0,0.06622721616743447,5.7936507936507935,OK,False,False,
White Tea,Beverages,Feedbug,509 Waywood Center,Active,65-282-0419,85-932-1011,12/28/2024,7/17/2024,12/5/2024,50,100,91,25.5,29,31,034%,739.5,0.21480274717463949,11.774193548387096,HIGH,False,False,
Egg (Chicken),Dairy,Realfire,1 Jackson Pass,Backordered,95-449-1286,18-260-7354,12/29/2024,12/23/2024,9/8/2024,10,17,70,0.2,100,63,-007%,20.0,0.005809404926967937,5.7936507936507935,HIGH,False,True,Reorder / expedite replenishment
Black Coffee,Beverages,Tagpad,68 Dakota Center,Backordered,00-534-9775,79-955-6260,12/29/2024,5/23/2024,8/17/2024,87,91,23,14.9,90,75,037%,1341.0,0.38952060035320013,4.866666666666666,HIGH,False,True,Reorder / expedite replenishment
White Sugar,Grains & Pulses,Yambee,642 Arizona Point,Discontinued,09-618-2842,68-415-1025,12/29/2024,3/21/2024,8/6/2024,38,82,17,2.0,52,47,017%,104.0,0.030208905620233272,7.76595744680851,HIGH,False,False,
Green Coffee,Beverages,Lajo,87 Bluestem Parkway,Active,74-610-2295,22-959-6357,12/30/2024,3/16/2024,9/26/2024,61,31,100,12.5,95,61,010%,1187.5,0.34493341753872125,5.983606557377049,OK,False,False,
Orange,Fruits & Vegetables,Demimbu,4826 Drewry Center,Backordered,17-265-1899,61-793-0279,12/30/2024,3/25/2024,2/10/2025,81,35,82,3.0,86,71,036%,258.0,0.0749413235578864,5.140845070422535,OK,False,False,
Sardines,Seafood,Voolia,7 Mockingbird Hill,Discontinued,06-336-5482,99-784-4391,12/31/2024,3/8/2024,8/24/2024,89,34,15,6.0,60,2,017%,360.0,0.10456928868542287,182.5,OK,True,False,Consider rationalize / delist
Pear,Fruits & Vegetables,Cogidoo,0 Ruskin Way,Active,20-283-0111,60-394-8955,12/31/2024,4/17/2024,1/6/2025,58,55,5,4.45,62,89,097%,275.90000000000003,0.0801407409675227,4.101123595505618,OK,False,False,
White Sugar,Grains & Pulses,Twimm,01 Hansons Crossing,Active,77-937-1108,41-007-0132,12/31/2024,4/23/2024,4/12/2024,39,83,21,2.0,73,88,-044%,146.0,0.04240865596686594,4.1477272727272725,HIGH,False,False,
Cauliflower,Fruits & Vegetables,Twitterwire,4 Loomis Way,Active,07-337-9889,84-949-8378,12/31/2024,8/15/2024,9/29/2024,95,6,59,2.5,49,77,-021%,122.5,0.03558260517767862,4.740259740259741,OK,False,False,
Gouda Cheese,Dairy,Rhyloo,5989 Longview Drive,Active,81-578-7404,90-177-6733,2/13/2025,8/11/2024,4/6/2024,67,79,98,7.0,73,36,-057%,511.0,0.1484302958840308,10.13888888888889,HIGH,False,False,
Onion,Fruits & Vegetables,Edgewire,6435 Burning Wood Drive,Backordered,90-303-1821,96-786-0667,2/13/2025,8/3/2024,10/5/2024,50,20,74,2.0,30,57,051%,60.0,0.01742821478090381,6.4035087719298245,OK,False,False,
Sushi Rice,Grains & Pulses,Latz,91 Gateway Pass,Backordered,42-495-7698,93-625-4768,2/13/2025,10/8/2024,7/22/2024,10,11,29,4.3,29,72,-090%,124.69999999999999,0.03622163971964508,5.069444444444445,HIGH,False,False,
Whole Wheat Flour,Grains & Pulses,Topicstorm,78919 East Crossing,Backordered,57-101-0060,40-070-5881,2/13/2025,1/1/2025,9/11/2024,59,73,86,2.75,32,56,-148%,88.0,0.025561381678658922,6.517857142857143,HIGH,False,False,
Haddock,Seafood,Buzzdog,952 Rowland Junction,Active,99-561-4871,04-786-5408,2/14/2025,8/20/2024,7/28/2024,17,38,93,9.0,100,63,-075%,900.0,0.26142322171355714,5.7936507936507935,HIGH,False,True,Reorder / expedite replenishment
Carrot,Fruits & Vegetables,Gigashots,28351 Cascade Plaza,Active,40-126-0515,78-379-0369,2/14/2025,3/4/2024,12/18/2024,74,37,57,1.5,91,18,037%,136.5,0.03964918862655617,20.27777777777778,OK,False,False,
Mackerel,Seafood,Skynoodle,884 Sloan Drive,Backordered,19-377-5021,34-014-5873,2/14/2025,8/11/2024,12/24/2024,91,96,90,7.5,90,75,080%,675.0,0.19606741628516786,4.866666666666666,HIGH,False,True,Reorder / expedite replenishment
Trout,Seafood,Rhynoodle,22 Hudson Pass,Discontinued,60-644-6596,32-745-8366,2/14/2025,1/5/2025,11/10/2024,89,67,89,12.0,96,42,017%,1152.0,0.33462172379335314,8.69047619047619,OK,False,False,
Egg (Goose),Dairy,Skyble,463 Oxford Crossing,Active,82-711-0772,78-877-1866,2/15/2025,5/16/2024,10/23/2024,72,58,52,2.4,36,14,056%,86.39999999999999,0.025096629284501487,26.071428571428573,OK,False,False,
Bread Flour,Grains & Pulses,Demizz,149 Valley Edge Point,Backordered,55-803-3964,75-906-1086,2/16/2025,8/26/2024,10/30/2024,25,60,36,1.5,31,41,061%,46.5,0.013506866455200453,8.902439024390244,HIGH,False,False,
Halibut,Seafood,Jaxspan,21 Sunbrook Court,Backordered,00-119-8780,14-703-2550,2/17/2025,7/16/2024,3/4/2024,40,81,78,20.0,39,65,-032%,780.0,0.22656679215174955,5.615384615384615,HIGH,False,False,
Lime,Fruits & Vegetables,Shufflebeat,1 Logan Road,Active,13-888-0149,09-902-6272,2/17/2025,12/30/2024,3/15/2024,75,18,65,2.0,32,92,-067%,64.0,0.018590095766297398,3.967391304347826,OK,False,False,
Multigrain Bread,Bakery,Devpulse,7 Prairieview Place,Discontinued,51-273-4240,32-506-0556,2/18/2025,9/26/2024,6/20/2024,85,57,25,3.5,30,42,-188%,105.0,0.030499375866581666,8.69047619047619,OK,False,False,
Vegetable Oil,Oils & Fats,Tagtune,74 Sugar Plaza,Backordered,23-395-3157,48-538-8538,2/18/2025,7/30/2024,3/16/2024,41,66,50,2.0,55,74,-040%,110.0,0.031951727098323654,4.9324324324324325,HIGH,False,False,
Whipped Cream,Dairy,Yotz,554 Eliot Point,Discontinued,03-149-9760,08-141-2402,2/19/2025,7/13/2024,3/26/2024,92,99,93,4.0,43,90,-035%,172.0,0.04996088237192426,4.055555555555555,HIGH,False,False,
Coconut Sugar,Grains & Pulses,Tagchat,2582 Autumn Leaf Park,Discontinued,02-895-7781,23-109-2205,2/19/2025,9/26/2024,1/24/2025,51,55,76,5.0,21,13,-109%,105.0,0.030499375866581666,28.076923076923077,HIGH,False,False,
Long Grain Rice,Grains & Pulses,Meevee,848 Mariners Cove Junction,Active,95-354-8583,02-057-9401,2/19/2025,2/11/2025,10/20/2024,98,40,93,1.5,30,53,038%,45.0,0.013071161085677858,6.886792452830188,OK,False,False,
Anchovies,Seafood,Flipopia,498 Delladonna Drive,Discontinued,27-681-5588,89-959-2254,2/19/2025,10/26/2024,12/7/2024,100,99,8,10.0,54,92,-077%,540.0,0.1568539330281343,3.967391304347826,OK,False,False,
Zucchini,Fruits & Vegetables,Babblestorm,76106 Anthes Junction,Backordered,70-534-7796,62-044-8874,2/19/2025,6/25/2024,1/17/2025,43,21,31,2.5,22,25,-070%,55.0,0.015975863549161827,14.6,OK,False,False,
Broccoli,Fruits & Vegetables,Zoovu,03 Fisk Alley,Active,72-066-4597,97-994-0773,2/20/2025,12/8/2024,12/13/2024,31,54,52,4.0,69,77,-014%,276.0,0.08016978799215753,4.740259740259741,HIGH,False,False,
Cucumber,Fruits & Vegetables,Dabtype,546 Declaration Place,Backordered,79-884-8810,14-108-0409,2/20/2025,12/6/2024,8/15/2024,12,93,29,1.75,45,12,-012%,78.75,0.02287453189993625,30.416666666666668,HIGH,False,False,
Peach,Fruits & Vegetables,Wikizz,082 Clove Plaza,Backordered,08-703-1382,29-975-3449,2/21/2025,3/6/2024,6/21/2024,40,53,7,4.0,70,20,073%,280.0,0.08133166897755112,18.25,HIGH,False,False,
Heavy Cream,Dairy,Yata,850 Glacier Hill Drive,Backordered,39-315-3936,99-034-7010,2/21/2025,9/25/2024,8/10/2024,57,62,72,4.0,23,4,071%,92.0,0.026723262664052512,91.25,HIGH,True,False,Consider rationalize / delist
Jasmine Rice,Grains & Pulses,Jabbertype,5 Linden Terrace,Discontinued,06-690-2335,66-317-4895,2/22/2025,6/16/2024,5/7/2024,24,15,6,4.75,35,4,083%,166.25,0.048290678455420975,91.25,OK,True,False,Consider rationalize / delist
Vegetable Oil,Oils & Fats,Abata,29815 Bonner Trail,Backordered,43-153-8268,19-809-5654,2/23/2025,1/29/2025,10/2/2024,75,61,19,2.0,79,69,089%,158.0,0.0458942989230467,5.2898550724637685,OK,False,False,
Whole Wheat Flour,Grains & Pulses,Quatz,46 Orin Drive,Active,44-634-8292,48-557-5036,2/23/2025,3/9/2024,1/2/2025,60,69,64,2.75,51,6,013%,140.25,0.04073845205036266,60.833333333333336,HIGH,False,False,
Cod,Seafood,Izio,7369 Thackeray Drive,Discontinued,96-774-0457,71-991-5737,2/24/2025,3/12/2024,10/22/2024,56,50,80,8.0,99,5,088%,792.0,0.23005243510793033,73.0,OK,False,False,
Salmon,Seafood,Abata,80380 Valley Edge Road,Discontinued,50-930-4751,40-260-8547,2/24/2025,6/24/2024,2/25/2024,88,40,29,15.0,96,87,095%,1440.0,0.41827715474169147,4.195402298850575,OK,False,False,
Mango,Fruits & Vegetables,Devpulse,917 Westerfield Terrace,Backordered,63-918-8253,94-157-1762,2/24/2025,7/4/2024,9/29/2024,53,98,23,5.0,41,84,009%,205.0,0.059546400501421355,4.345238095238095,HIGH,False,False,
Arabica Coffee,Beverages,Chatterpoint,7 Sloan Park,Discontinued,84-629-1532,50-378-4320,2/25/2024,11/27/2024,7/20/2024,22,89,25,21.0,30,62,-105%,630.0,0.18299625519949,5.887096774193548,HIGH,False,False,
Spinach,Fruits & Vegetables,Abatz,3616 Carey Pass,Discontinued,77-312-6317,12-950-4397,2/26/2024,9/13/2024,10/1/2024,41,29,76,2.4,59,4,-107%,141.6,0.041130586882932994,91.25,OK,True,False,Consider rationalize / delist
Corn Oil,Oils & Fats,Twinte,32468 Utah Pass,Active,21-693-8216,62-599-8388,2/26/2024,9/3/2024,10/27/2024,70,96,85,2.5,34,3,093%,85.0,0.024689970939613733,121.66666666666667,HIGH,True,False,Consider rationalize / delist
Peach,Fruits & Vegetables,Ainyx,7 Roxbury Circle,Backordered,74-430-8245,51-213-5660,2/26/2024,8/15/2024,3/6/2024,73,90,77,4.0,75,19,091%,300.0,0.08714107390451906,19.210526315789473,HIGH,False,False,
Feta Cheese,Dairy,Youfeed,195 Portage Junction,Backordered,39-449-0772,84-504-7617,2/27/2024,4/2/2024,10/5/2024,94,13,15,7.0,20,24,075%,140.0,0.04066583448877556,15.208333333333334,OK,False,False,
Cheddar Cheese,Dairy,Jabbersphere,406 Westridge Alley,Active,51-312-8608,06-315-0552,2/27/2024,10/2/2024,4/29/2024,68,60,21,8.9,79,46,-020%,703.1,0.20422963020755783,7.934782608695652,OK,False,False,
Blueberries,Fruits & Vegetables,Jaloo,22782 Oriole Way,Active,89-543-3456,23-178-8962,2/28/2024,6/22/2024,2/6/2025,66,40,96,10.0,24,61,042%,240.0,0.06971285912361525,5.983606557377049,OK,False,False,
Swiss Cheese,Dairy,Feedmix,64407 Marcy Plaza,Backordered,57-861-4379,73-383-4390,2/28/2024,5/15/2024,2/4/2025,93,8,51,8.0,93,85,-154%,744.0,0.21610986328320725,4.294117647058823,OK,False,False,
Egg (Turkey),Dairy,Gigabox,32 Rigney Terrace,Backordered,39-768-8205,07-987-4536,2/28/2024,7/17/2024,11/29/2024,56,97,29,2.5,82,100,009%,205.0,0.059546400501421355,3.65,HIGH,False,True,Reorder / expedite replenishment
Heavy Cream,Dairy,Youbridge,2 Canary Street,Active,95-130-9020,75-985-6744,2/28/2024,6/20/2024,1/21/2025,82,12,94,4.1,69,93,-022%,282.9,0.08217403269196145,3.924731182795699,OK,False,False,
Plum,Fruits & Vegetables,Yambee,34832 Autumn Leaf Terrace,Active,02-575-1980,61-100-8296,2/28/2024,7/9/2024,11/24/2024,11,58,32,4.0,99,94,-035%,396.0,0.11502621755396517,3.882978723404255,HIGH,False,True,Reorder / expedite replenishment
Rice Flour,Grains & Pulses,Topicblab,34642 Carpenter Place,Active,22-895-6595,18-445-5057,2/29/2024,6/4/2024,11/21/2024,31,32,69,2.0,38,23,005%,76.0,0.022075738722478158,15.869565217391305,HIGH,False,False,
Eggplant,Fruits & Vegetables,Tanoodle,41 Comanche Park,Backordered,85-207-4164,07-067-3439,2/29/2024,2/6/2025,12/10/2024,97,20,72,3.0,29,59,039%,87.0,0.025270911432310524,6.186440677966102,OK,False,False,
Robusta Coffee,Beverages,Mymm,49225 Homewood Place,Active,26-799-3714,50-877-0990,2/29/2024,2/3/2025,4/6/2024,74,2,45,10.0,37,99,-103%,370.0,0.10747399114890684,3.686868686868687,OK,False,False,
Tomato,Fruits & Vegetables,Shuffledrive,34 Linden Court,Active,57-903-6434,30-460-3122,3/13/2024,3/10/2024,3/23/2024,44,67,15,2.5,82,51,-168%,205.0,0.059546400501421355,7.1568627450980395,HIGH,False,True,Reorder / expedite replenishment
Garlic,Fruits & Vegetables,Layo,4374 Corry Terrace,Active,80-227-6886,91-632-7343,3/13/2024,1/12/2025,6/14/2024,33,4,31,7.0,46,92,038%,322.0,0.09353141932418378,3.967391304347826,OK,False,False,
Tuna,Seafood,Centimia,9440 Coleman Drive,Backordered,31-255-9616,11-031-9939,3/14/2024,12/28/2024,3/16/2024,88,71,9,18.0,28,14,-100%,504.0,0.146397004159592,26.071428571428573,OK,False,False,
Halibut,Seafood,Wikizz,3 John Wall Point,Discontinued,37-610-1999,19-985-9694,3/14/2024,10/19/2024,10/19/2024,14,67,65,20.0,71,94,050%,1420.0,0.41246774981472356,3.882978723404255,HIGH,False,False,
Arabica Coffee,Beverages,Jayo,5818 Twin Pines Place,Backordered,86-330-0214,87-840-7803,3/15/2024,2/18/2025,3/30/2024,36,64,63,20.0,91,35,-032%,1820.0,0.5286558483540822,10.428571428571429,HIGH,False,True,Reorder / expedite replenishment
Arborio Rice,Grains & Pulses,Dabtype,21625 Schlimgen Park,Active,29-592-7315,61-867-3019,3/15/2024,7/4/2024,9/22/2024,56,4,74,4.5,61,73,062%,274.5,0.07973408262263494,5.0,OK,False,False,
Jasmine Rice,Grains & Pulses,Kwilith,5 Prentice Pass,Discontinued,86-257-4613,70-402-4816,3/15/2024,8/23/2024,8/5/2024,44,26,60,4.75,63,59,-020%,299.25,0.08692322121975776,6.186440677966102,OK,False,False,
Jasmine Rice,Grains & Pulses,Gabvine,75 Cascade Avenue,Discontinued,79-350-5841,81-676-3345,3/15/2024,9/5/2024,4/17/2024,33,44,89,4.75,93,19,006%,441.75,0.1283152313244043,19.210526315789473,HIGH,False,True,Reorder / expedite replenishment
Watermelon,Fruits & Vegetables,Eidel,50687 Porter Park,Discontinued,22-329-7791,72-013-2438,3/16/2024,1/13/2025,9/19/2024,53,41,30,3.0,24,77,080%,72.0,0.02091385773708457,4.740259740259741,OK,False,False,
Canola Oil,Oils & Fats,Realcube,3 Oakridge Parkway,Discontinued,10-854-5467,40-443-3362,3/16/2024,5/4/2024,11/26/2024,96,51,40,2.3,61,4,-221%,140.29999999999998,0.04075297556268007,91.25,OK,True,False,Consider rationalize / delist
Pineapple,Fruits & Vegetables,Flipbug,4 Raven Drive,Discontinued,70-612-2531,94-217-4781,3/17/2024,1/25/2025,10/30/2024,48,48,39,3.45,51,50,093%,175.95000000000002,0.05110823984500043,7.3,HIGH,False,False,
Corn Oil,Oils & Fats,Tagfeed,12 Truax Court,Active,71-516-1996,04-391-7610,3/18/2024,5/7/2024,6/20/2024,96,52,16,2.5,67,13,002%,167.5,0.04865376626335647,28.076923076923077,OK,False,False,
Mango,Fruits & Vegetables,Meezzy,18 Warrior Circle,Active,71-999-2404,01-285-0018,3/18/2024,8/5/2024,1/29/2025,58,58,28,4.7,85,63,081%,399.5,0.11604286341618454,5.7936507936507935,HIGH,False,True,Reorder / expedite replenishment
Papaya,Fruits & Vegetables,Avaveo,2 Sachtjen Park,Discontinued,29-875-6900,78-098-4468,3/18/2024,1/23/2025,8/22/2024,45,28,6,4.5,35,16,026%,157.5,0.0457490637998725,22.8125,OK,False,False,
Black Coffee,Beverages,Gabspot,094 Carberry Lane,Discontinued,11-922-3342,33-523-9077,3/18/2024,6/10/2024,3/4/2024,24,77,32,15.5,80,42,054%,1240.0,0.3601831054720121,8.69047619047619,HIGH,False,True,Reorder / expedite replenishment
Vanilla Biscuit,Bakery,Linkbridge,79 Ronald Regan Avenue,Backordered,74-562-7431,66-174-9633,3/18/2024,3/20/2024,11/1/2024,94,34,21,5.5,74,70,048%,407.0,0.11822139026379751,5.214285714285714,OK,False,False,
Arborio Rice,Grains & Pulses,Talane,87 Corben Street,Discontinued,95-357-2870,75-365-7696,3/18/2024,5/13/2024,5/20/2024,86,80,80,4.5,22,67,005%,99.0,0.02875655438849129,5.447761194029851,OK,False,False,
Coconut Sugar,Grains & Pulses,Bubblebox,911 Ridgeway Way,Backordered,04-277-5245,90-175-7764,3/19/2024,7/28/2024,6/18/2024,20,51,21,5.0,71,26,-205%,355.0,0.10311693745368089,14.038461538461538,HIGH,False,False,
Orange,Fruits & Vegetables,Devshare,44022 Barnett Way,Discontinued,91-105-7317,84-047-0017,3/20/2024,12/28/2024,2/2/2025,85,45,71,3.0,95,72,063%,285.0,0.0827840202092931,5.069444444444445,OK,False,False,
Broccoli,Fruits & Vegetables,Skilith,52 Alpine Crossing,Discontinued,37-246-0018,61-907-0994,3/20/2024,1/14/2025,4/11/2024,30,59,76,4.0,61,3,024%,244.0,0.07087474010900884,121.66666666666667,HIGH,True,False,Consider rationalize / delist
Spinach,Fruits & Vegetables,Feedfish,538 Bayside Parkway,Backordered,27-474-0056,56-969-3705,3/20/2024,12/19/2024,6/19/2024,23,6,40,2.5,95,24,095%,237.5,0.06898668350774426,15.208333333333334,OK,False,False,
Eggplant,Fruits & Vegetables,Ainyx,6 Rusk Pass,Backordered,12-439-8428,43-542-6868,3/21/2024,9/14/2024,5/31/2024,17,3,33,3.0,49,17,075%,147.0,0.04269912621321433,21.470588235294116,OK,False,False,
White Bread,Bakery,Meevee,5 Lyons Street,Backordered,56-657-4387,78-629-7560,3/21/2024,2/29/2024,6/22/2024,61,77,45,2.5,51,48,065%,127.5,0.037034956409420595,7.604166666666667,HIGH,False,False,
Digestive Biscuit,Bakery,Zoonder,9821 Novick Hill,Backordered,91-290-9062,95-609-1485,3/21/2024,4/19/2024,9/25/2024,29,2,84,4.0,80,85,006%,320.0,0.092950478831487,4.294117647058823,OK,False,False,
Egg (Goose),Dairy,Babblestorm,49646 Derek Lane,Backordered,06-503-5891,19-098-2529,3/22/2024,9/23/2024,3/16/2024,40,22,74,2.45,76,70,-006%,186.20000000000002,0.0540855598700715,5.214285714285714,OK,False,False,
Robusta Coffee,Beverages,Skiptube,149 Lawn Way,Discontinued,37-064-7275,63-522-2633,3/22/2024,6/25/2024,9/22/2024,20,42,45,10.0,72,28,008%,720.0,0.20913857737084574,13.035714285714286,HIGH,False,False,
Watermelon,Fruits & Vegetables,Innotype,16730 Luster Alley,Active,21-993-5632,26-860-4618,3/23/2024,4/14/2024,10/23/2024,51,72,85,3.0,23,17,061%,69.0,0.020042446998039382,21.470588235294116,HIGH,False,False,
Carrot,Fruits & Vegetables,Linkbridge,2 Northview Avenue,Active,05-720-8792,33-265-4588,3/24/2024,7/8/2024,10/26/2024,80,91,36,1.5,81,74,026%,121.5,0.03529213493133022,4.9324324324324325,HIGH,False,True,Reorder / expedite replenishment
Almond Flour,Grains & Pulses,Skaboo,2 Columbus Drive,Discontinued,36-531-4087,83-172-5527,3/24/2024,10/25/2024,3/14/2024,85,12,94,9.5,26,32,009%,247.0,0.07174615084805402,11.40625,OK,False,False,
Apple,Fruits & Vegetables,Wikido,2 Northridge Street,Discontinued,61-680-9496,75-448-1356,3/24/2024,10/5/2024,4/14/2024,17,14,17,3.5,36,64,-023%,126.0,0.036599251039898,5.703125,OK,False,False,
Black Rice,Grains & Pulses,Wikivu,451 Grim Hill,Active,36-636-4873,11-098-3982,3/25/2024,1/17/2025,5/30/2024,86,100,74,6.1,80,94,-078%,488.0,0.14174948021801767,3.882978723404255,HIGH,False,True,Reorder / expedite replenishment
Whole Wheat Flour,Grains & Pulses,Jaxworks,5 Fisk Point,Backordered,45-992-5653,22-050-5775,3/25/2024,7/7/2024,10/19/2024,82,67,67,2.75,26,1,-018%,71.5,0.020768622613910374,365.0,OK,True,False,Consider rationalize / delist
Salmon,Seafood,Avavee,10577 Thierer Plaza,Discontinued,85-781-5386,89-439-6947,3/25/2024,3/20/2024,12/28/2024,78,68,86,15.0,47,95,096%,705.0,0.20478152367561978,3.8421052631578947,OK,False,False,
Palm Oil,Oils & Fats,Fivebridge,2005 Mccormick Road,Backordered,76-459-2392,91-030-6609,3/26/2024,4/13/2024,5/24/2024,74,4,67,1.8,31,34,-102%,55.800000000000004,0.016208239746240548,10.735294117647058,OK,False,False,
Short Grain Rice,Grains & Pulses,Photobean,739 Grayhawk Trail,Discontinued,92-791-0606,56-050-1773,3/26/2024,4/28/2024,9/6/2024,18,62,2,3.0,61,78,-010%,183.0,0.053156055081756616,4.67948717948718,HIGH,False,False,
Papaya,Fruits & Vegetables,Demivee,38695 Kenwood Circle,Active,87-199-2743,54-907-6531,3/26/2024,9/15/2024,11/12/2024,59,74,100,4.5,63,69,-028%,283.5,0.08234831483977051,5.2898550724637685,HIGH,False,False,
Rye Bread,Bakery,Realblab,76 Shelley Pass,Discontinued,04-038-1547,61-912-9541,3/26/2024,11/24/2024,6/8/2024,48,2,16,2.8,27,1,-010%,75.6,0.0219595506239388,365.0,OK,True,False,Consider rationalize / delist
Garlic,Fruits & Vegetables,Tavu,3 Ilene Terrace,Discontinued,83-917-7384,84-923-5086,3/27/2024,8/24/2024,5/11/2024,76,97,20,7.0,52,82,096%,364.0,0.10573116967081644,4.451219512195122,HIGH,False,False,
Rye Bread,Bakery,Kwilith,667 Arkansas Circle,Discontinued,94-525-6925,31-892-6816,3/27/2024,5/16/2024,9/17/2024,50,56,63,3.0,70,100,-058%,210.0,0.06099875173316333,3.65,HIGH,False,False,
Arabica Coffee,Beverages,Voonyx,60094 Goodland Junction,Backordered,16-632-1308,45-903-0036,3/27/2024,5/21/2024,11/21/2024,23,13,15,20.0,31,28,-043%,620.0,0.18009155273600605,13.035714285714286,OK,False,False,
Egg (Turkey),Dairy,Twimm,93321 Kennedy Point,Active,13-798-3397,89-992-6472,3/27/2024,5/9/2024,12/20/2024,86,16,37,2.5,34,66,010%,85.0,0.024689970939613733,5.53030303030303,OK,False,False,
Oatmeal Biscuit,Bakery,Skajo,39 Oxford Drive,Discontinued,69-834-2874,51-600-6076,3/27/2024,6/25/2024,10/7/2024,28,62,81,5.0,28,30,-094%,140.0,0.04066583448877556,12.166666666666666,HIGH,False,False,
Tilapia,Seafood,Vipe,6 Hanover Terrace,Backordered,60-343-3288,22-940-6543,3/28/2024,1/1/2025,5/3/2024,85,92,66,6.7,54,85,-007%,361.8,0.10509213512884999,4.294117647058823,HIGH,False,False,
White Bread,Bakery,Jazzy,4 Hagan Court,Backordered,21-650-9319,73-445-3017,3/28/2024,1/28/2025,4/24/2024,42,88,95,2.5,67,94,-057%,167.5,0.04865376626335647,3.882978723404255,HIGH,False,False,
Green Tea,Beverages,Livepath,3 Forster Point,Active,14-550-2152,60-003-2919,3/29/2024,6/18/2024,11/17/2024,51,1,61,7.6,96,26,-040%,729.5999999999999,0.2119270917357903,14.038461538461538,OK,False,False,
Apricot,Fruits & Vegetables,Topiczoom,8 Hanover Center,Discontinued,61-582-7399,15-062-6342,3/29/2024,2/5/2025,7/22/2024,73,83,74,5.0,87,10,073%,435.0,0.1263545571615526,36.5,HIGH,False,True,Reorder / expedite replenishment
Chocolate Biscuit,Bakery,Babbleblab,29755 Daystar Street,Discontinued,28-107-4953,01-165-8830,3/29/2024,11/12/2024,10/18/2024,53,19,94,5.0,82,56,089%,410.0,0.11909280100284271,6.517857142857143,OK,False,False,
Mackerel,Seafood,Yodoo,9 Cordelia Trail,Backordered,53-050-8242,31-163-5871,3/30/2024,3/16/2024,2/15/2025,82,25,94,7.5,66,14,032%,495.0,0.14378277194245645,26.071428571428573,OK,False,False,
Grapes,Fruits & Vegetables,Edgewire,9469 Bayside Plaza,Active,88-586-8797,02-530-5932,3/30/2024,8/25/2024,2/9/2025,98,62,97,5.5,59,19,079%,324.5,0.09425759494005477,19.210526315789473,OK,False,False,
Banana,Fruits & Vegetables,Edgetag,07359 Porter Park,Active,93-772-3085,61-807-0746,3/30/2024,7/18/2024,1/20/2025,39,19,18,13.99,58,90,068%,811.42,0.23569336729201618,4.055555555555555,OK,False,False,
Green Coffee,Beverages,Oozz,0 Stoughton Terrace,Backordered,04-001-1793,29-359-0109,3/31/2024,2/2/2025,4/9/2024,43,38,63,12.0,88,65,-055%,1056.0,0.3067365801439071,5.615384615384615,OK,False,False,
Watermelon,Fruits & Vegetables,Trupe,402 Kings Road,Backordered,10-137-9759,23-688-6256,3/31/2024,9/3/2024,3/10/2024,90,17,17,3.0,82,84,026%,246.0,0.07145568060170562,4.345238095238095,OK,False,False,
Egg (Chicken),Dairy,Kaymbo,97 Walton Avenue,Backordered,96-682-8546,03-882-3517,3/31/2024,10/26/2024,9/17/2024,70,29,24,0.2,62,55,-002%,12.4,0.003601831054720121,6.636363636363637,OK,False,False,
Coconut Sugar,Grains & Pulses,Feedfire,9262 Sullivan Crossing,Active,07-617-6934,48-700-8059,3/31/2024,12/21/2024,11/16/2024,91,39,48,5.0,48,18,011%,240.0,0.06971285912361525,20.27777777777778,OK,False,False,
Butter,Dairy,Shuffletag,70862 Lighthouse Bay Junction,Discontinued,43-164-5984,10-008-6747,4/13/2024,6/17/2024,11/23/2024,36,75,35,2.9,26,41,063%,75.39999999999999,0.02190145657466912,8.902439024390244,HIGH,False,False,
Plum,Fruits & Vegetables,Skajo,27 New Castle Avenue,Backordered,07-074-1196,69-112-6969,4/14/2024,1/10/2025,10/10/2024,11,56,62,3.9,40,5,-058%,156.0,0.045313358430349907,73.0,HIGH,False,False,
Grapes,Fruits & Vegetables,Rhynoodle,38 Rutledge Plaza,Backordered,05-193-8096,86-709-5618,4/14/2024,3/19/2024,7/8/2024,82,21,85,5.5,39,18,088%,214.5,0.06230586784173113,20.27777777777778,OK,False,False,
Vegetable Oil,Oils & Fats,Yoveo,95 Lerdahl Park,Discontinued,92-837-8839,95-484-3134,4/14/2024,1/16/2025,8/18/2024,23,71,32,2.0,63,23,054%,126.0,0.036599251039898,15.869565217391305,HIGH,False,False,
Multigrain Bread,Bakery,Zoombox,85408 Toban Crossing,Backordered,60-343-7973,06-303-4127,4/15/2024,4/29/2024,4/9/2024,56,86,23,3.2,67,56,063%,214.4,0.06227682081709629,6.517857142857143,HIGH,False,False,
Eggplant,Fruits & Vegetables,Roombo,55 Morning Terrace,Active,76-264-0748,27-557-2375,4/15/2024,6/1/2024,1/9/2025,47,41,63,3.0,39,54,016%,117.0,0.033985018822762426,6.7592592592592595,OK,False,False,
Bell Pepper,Fruits & Vegetables,Devcast,9327 Hanover Way,Backordered,67-130-4114,53-718-1768,4/15/2024,2/27/2024,1/24/2025,84,26,37,4.5,46,67,-038%,207.0,0.06012734099411815,5.447761194029851,OK,False,False,
Heavy Cream,Dairy,Tambee,40113 Blaine Place,Active,99-961-0767,78-954-5649,4/16/2024,10/25/2024,12/6/2024,85,15,30,4.0,95,63,-046%,380.0,0.1103786936123908,5.7936507936507935,OK,False,False,
Herbal Tea,Beverages,Myworks,68241 Hanson Circle,Backordered,24-228-6840,26-280-5472,4/16/2024,8/9/2024,11/28/2024,27,1,3,30.0,34,63,034%,1020.0,0.29627965127536476,5.7936507936507935,OK,False,False,
Sesame Oil,Oils & Fats,Thoughtbeat,84575 Randy Point,Backordered,83-573-4586,91-191-2324,4/17/2024,10/19/2024,7/18/2024,77,95,82,6.5,29,46,-085%,188.5,0.05475364143667281,7.934782608695652,HIGH,False,False,
Butter Biscuit,Bakery,Bluejam,7 Duke Parkway,Active,80-698-0324,98-587-7923,4/17/2024,2/4/2025,5/25/2024,84,58,28,6.0,51,12,-059%,306.0,0.08888389538260943,30.416666666666668,OK,False,False,
Halibut,Seafood,Camimbo,29150 Farmco Crossing,Backordered,83-568-3475,10-950-0546,4/17/2024,4/4/2024,2/10/2025,35,72,70,20.0,74,15,076%,1480.0,0.42989596459562734,24.333333333333332,HIGH,False,False,
Zucchini,Fruits & Vegetables,Vidoo,6251 Eliot Hill,Discontinued,15-846-7959,47-026-0505,4/17/2024,12/1/2024,3/20/2024,98,14,11,2.5,48,38,080%,120.0,0.03485642956180762,9.605263157894736,OK,False,False,
Egg (Chicken),Dairy,Babblestorm,588 Waywood Trail,Active,98-148-0940,06-175-9657,4/17/2024,4/2/2024,11/5/2024,63,62,18,0.2,67,17,021%,13.4,0.003892301301068518,21.470588235294116,OK,False,False,
Sesame Oil,Oils & Fats,Feedbug,01471 Burrows Lane,Discontinued,76-325-9093,67-922-3399,4/18/2024,10/19/2024,12/18/2024,27,92,56,6.5,29,32,075%,188.5,0.05475364143667281,11.40625,HIGH,False,False,
Bread Flour,Grains & Pulses,Zava,21 Esker Way,Backordered,10-034-7654,27-292-4656,4/18/2024,10/25/2024,5/28/2024,70,96,92,1.5,27,58,-010%,40.5,0.011764044977110073,6.293103448275862,HIGH,False,False,
Coconut Sugar,Grains & Pulses,Topiclounge,08492 Gateway Terrace,Discontinued,21-633-8696,89-468-2696,4/18/2024,4/6/2024,5/26/2024,49,59,73,5.0,93,45,-115%,465.0,0.13506866455200453,8.11111111111111,HIGH,False,True,Reorder / expedite replenishment
Egg (Chicken),Dairy,Meembee,79878 Katie Trail,Discontinued,74-181-4135,00-487-2428,4/18/2024,3/17/2024,9/17/2024,22,19,4,0.2,88,24,052%,17.6,0.005112276335731785,15.208333333333334,OK,False,False,
Mozzarella Cheese,Dairy,Feedfire,109 Twin Pines Avenue,Active,98-064-4465,93-719-9817,4/19/2024,10/1/2024,11/11/2024,96,38,17,7.0,72,84,073%,504.0,0.146397004159592,4.345238095238095,OK,False,False,
Rye Bread,Bakery,Kwideo,88 Hooker Parkway,Backordered,41-475-5305,93-900-1170,4/19/2024,3/13/2024,9/12/2024,61,20,29,3.0,71,97,-017%,213.0,0.06187016247220853,3.7628865979381443,OK,False,False,
Zucchini,Fruits & Vegetables,Livetube,8 Russell Pass,Discontinued,80-988-4653,02-272-0535,4/20/2024,9/14/2024,4/19/2024,43,66,85,2.5,66,65,-037%,165.0,0.04792759064748548,5.615384615384615,HIGH,False,False,
Digestive Biscuit,Bakery,Kanoodle,83894 Delaware Plaza,Active,51-583-6029,78-024-3286,4/20/2024,8/18/2024,2/18/2025,38,43,91,4.0,72,64,002%,288.0,0.08365543094833829,5.703125,HIGH,False,False,
Multigrain Bread,Bakery,Roombo,6 Lunder Parkway,Backordered,63-270-7076,85-532-0172,4/21/2024,6/12/2024,1/24/2025,65,36,37,3.5,32,70,011%,112.0,0.03253266759102044,5.214285714285714,OK,False,False,
Heavy Cream,Dairy,Skynoodle,6 Messerschmidt Place,Discontinued,70-149-6756,97-150-9199,4/21/2024,1/6/2025,6/26/2024,14,99,97,4.2,28,45,-119%,117.60000000000001,0.03415930097057147,8.11111111111111,HIGH,False,False,
Cottage Cheese,Dairy,Feedfire,43 Heath Street,Backordered,98-909-9395,74-119-5491,4/22/2024,8/31/2024,12/7/2024,67,98,92,5.0,35,98,-061%,175.0,0.05083229311096945,3.7244897959183674,HIGH,False,False,
Swiss Cheese,Dairy,Skiptube,3 Fairfield Center,Discontinued,35-621-2546,14-190-2260,4/22/2024,4/7/2024,2/15/2025,85,89,41,8.0,68,93,-180%,544.0,0.1580158140135279,3.924731182795699,HIGH,False,False,
Anchovies,Seafood,Zoovu,4 Stang Place,Active,24-579-6500,60-309-5783,4/22/2024,6/12/2024,9/4/2024,93,51,70,10.0,81,18,-037%,810.0,0.23528089954220144,20.27777777777778,OK,False,False,
Raw Sugar,Grains & Pulses,Cogilith,4029 Lotheville Pass,Backordered,01-703-8441,91-216-7668,4/23/2024,1/1/2025,6/21/2024,100,10,89,1.5,76,38,078%,114.0,0.03311360808371724,9.605263157894736,OK,False,False,
Ricotta Cheese,Dairy,Fliptune,126 Spohn Plaza,Discontinued,61-796-6540,40-002-8400,4/24/2024,6/2/2024,8/14/2024,88,4,79,6.0,23,39,050%,138.0,0.040084893996078765,9.35897435897436,OK,False,False,
Digestive Biscuit,Bakery,BlogXS,66 Raven Pass,Backordered,16-354-8122,61-604-8116,4/25/2024,1/22/2025,11/27/2024,97,99,96,4.0,57,42,-070%,228.0,0.06622721616743447,8.69047619047619,HIGH,False,False,
Egg (Turkey),Dairy,DabZ,69 Orin Plaza,Discontinued,67-512-9754,35-941-2585,4/25/2024,7/21/2024,3/22/2024,19,100,83,2.5,66,28,026%,165.0,0.04792759064748548,13.035714285714286,HIGH,False,False,
Mango,Fruits & Vegetables,Twitternation,108 Morning Center,Discontinued,11-316-8405,50-918-1373,4/26/2024,2/24/2025,11/25/2024,24,55,51,5.0,39,15,058%,195.0,0.05664169803793739,24.333333333333332,HIGH,False,False,
Basmati Rice,Grains & Pulses,Skimia,98 Bartillon Trail,Backordered,36-372-2295,85-823-7428,4/26/2024,10/22/2024,4/14/2024,55,13,71,4.45,37,4,062%,164.65,0.04782592606126355,91.25,OK,True,False,Consider rationalize / delist
Canola Oil,Oils & Fats,Mydeo,51 7th Court,Discontinued,84-075-7647,95-889-8592,4/27/2024,10/21/2024,2/22/2025,91,82,58,2.3,43,45,089%,98.89999999999999,0.028727507363856444,8.11111111111111,OK,False,False,
Bell Pepper,Fruits & Vegetables,Zava,81503 Graedel Plaza,Backordered,08-226-5155,64-584-7898,4/27/2024,5/1/2024,4/27/2024,49,93,15,4.5,52,31,-005%,234.0,0.06797003764552485,11.774193548387096,HIGH,False,False,
Pomegranate,Fruits & Vegetables,Eare,156 Golf Course Alley,Backordered,46-496-2930,29-295-9755,4/27/2024,10/26/2024,8/14/2024,66,28,7,6.0,85,6,040%,510.0,0.14813982563768238,60.833333333333336,OK,False,False,
Egg (Goose),Dairy,Quatz,389 Ridgeway Park,Backordered,00-215-7434,85-272-3969,4/28/2024,2/19/2025,11/28/2024,14,63,74,2.5,59,63,093%,147.5,0.04284436133638854,5.7936507936507935,HIGH,False,False,
Mozzarella Cheese,Dairy,Buzzdog,018 Oxford Crossing,Discontinued,12-828-1063,48-707-5857,4/28/2024,3/29/2024,8/5/2024,36,82,85,7.1,27,67,-007%,191.7,0.05568314622498768,5.447761194029851,HIGH,False,False,
Egg (Duck),Dairy,Fivebridge,34 Fremont Point,Backordered,48-770-6319,64-452-2395,4/28/2024,11/21/2024,2/2/2025,52,31,18,1.0,77,16,-148%,77.0,0.022366208968826556,22.8125,OK,False,False,
Butter,Dairy,Jayo,51205 Rieder Junction,Discontinued,44-305-1866,25-190-3172,4/29/2024,7/2/2024,8/29/2024,48,71,86,3.0,95,3,079%,285.0,0.0827840202092931,121.66666666666667,HIGH,True,True,Reorder / expedite replenishment
Palm Oil,Oils & Fats,Browsetype,7232 Ridgeway Center,Backordered,97-283-4840,64-604-1679,4/29/2024,5/12/2024,2/24/2025,58,23,66,1.8,82,61,097%,147.6,0.04287340836102337,5.983606557377049,OK,False,False,
Long Grain Rice,Grains & Pulses,Ainyx,09 Londonderry Hill,Backordered,35-328-8392,52-340-4509,4/29/2024,3/18/2024,4/21/2024,39,2,71,1.45,20,70,026%,29.0,0.008423637144103508,5.214285714285714,OK,False,False,
Butter,Dairy,Kayveo,76 Toban Plaza,Discontinued,43-693-2092,19-469-9841,4/30/2024,10/21/2024,9/22/2024,51,100,70,3.0,40,21,-250%,120.0,0.03485642956180762,17.38095238095238,HIGH,False,False,
Cod,Seafood,Buzzster,7096 Mcguire Park,Active,47-802-5023,51-010-8144,4/30/2024,10/18/2024,6/7/2024,16,20,45,8.0,81,62,048%,648.0,0.18822471963376117,5.887096774193548,HIGH,False,True,Reorder / expedite replenishment
White Tea,Beverages,Aivee,99 Duke Lane,Backordered,24-009-1208,96-405-4286,4/30/2024,6/10/2024,2/6/2025,62,31,24,25.0,89,100,023%,2225.0,0.646296298125183,3.65,OK,False,False,
Pomegranate,Fruits & Vegetables,Dynabox,005 Tomscot Hill,Active,98-556-5323,21-490-8051,5/13/2024,8/12/2024,8/27/2024,60,61,2,6.0,96,50,-012%,576.0,0.16731086189667657,7.3,HIGH,False,True,Reorder / expedite replenishment
Buttermilk,Dairy,Vinder,00847 Reindahl Place,Discontinued,14-521-4167,68-609-1972,5/13/2024,6/29/2024,3/6/2024,47,2,76,2.5,48,36,048%,120.0,0.03485642956180762,10.13888888888889,OK,False,False,
Egg (Duck),Dairy,Zoonoodle,329 Helena Park,Discontinued,61-607-7622,77-175-2969,5/13/2024,2/21/2025,1/15/2025,23,38,25,1.0,84,78,025%,84.0,0.024399500693265335,4.67948717948718,HIGH,False,True,Reorder / expedite replenishment
Sesame Oil,Oils & Fats,Rhycero,041 Paget Alley,Discontinued,06-849-4869,39-464-7300,5/13/2024,2/19/2025,7/15/2024,85,15,16,6.5,46,24,007%,299.0,0.08685060365817066,15.208333333333334,OK,False,False,
Whipped Cream,Dairy,Flashset,38726 Gina Pass,Backordered,41-526-4036,45-923-7206,5/13/2024,3/2/2024,1/29/2025,55,25,87,4.0,69,48,048%,276.0,0.08016978799215753,7.604166666666667,OK,False,False,
Sour Cream,Dairy,Realblab,1823 Elgar Park,Backordered,49-570-8214,17-345-5800,5/13/2024,5/27/2024,12/18/2024,81,76,10,4.0,68,100,030%,272.0,0.07900790700676395,3.65,OK,False,False,
Kiwi,Fruits & Vegetables,Tazz,1 Lake View Trail,Discontinued,85-561-4694,57-486-8971,5/15/2024,8/15/2024,5/11/2024,28,27,22,6.0,70,30,-047%,420.0,0.12199750346632666,12.166666666666666,OK,False,False,
Rye Bread,Bakery,Jetwire,77563 Russell Lane,Active,26-629-5920,19-264-7608,5/15/2024,7/16/2024,12/14/2024,99,6,88,3.0,49,9,057%,147.0,0.04269912621321433,40.55555555555556,OK,False,False,
Sourdough Bread,Bakery,Eadel,19180 Hagan Parkway,Discontinued,75-029-9003,61-917-4271,5/16/2024,10/7/2024,4/1/2024,34,42,86,4.0,28,23,082%,112.0,0.03253266759102044,15.869565217391305,HIGH,False,False,
Cabbage,Fruits & Vegetables,Skivee,9 Holmberg Circle,Active,79-428-8753,29-521-7910,5/16/2024,7/6/2024,12/30/2024,62,79,95,1.0,34,12,018%,34.0,0.009875988375845494,30.416666666666668,HIGH,False,False,
Apricot,Fruits & Vegetables,Fivebridge,0 Lerdahl Parkway,Discontinued,34-369-7712,95-241-9348,5/16/2024,5/11/2024,6/6/2024,55,96,40,5.0,23,47,065%,115.0,0.03340407833006564,7.76595744680851,HIGH,False,False,
White Sugar,Grains & Pulses,Photobean,6 Nobel Junction,Backordered,22-141-9798,59-849-9942,5/18/2024,9/20/2024,4/30/2024,47,7,63,2.0,29,20,-104%,58.0,0.016847274288207016,18.25,OK,False,False,
Peas,Fruits & Vegetables,Photolist,6 Anthes Court,Backordered,38-924-3007,83-936-5065,5/18/2024,1/5/2025,4/17/2024,12,28,11,3.0,46,88,031%,138.0,0.040084893996078765,4.1477272727272725,HIGH,False,False,
Apple,Fruits & Vegetables,Skaboo,82955 Dayton Street,Discontinued,70-005-5970,18-490-4140,5/18/2024,10/2/2024,12/24/2024,84,46,80,3.5,66,84,-091%,231.0,0.06709862690647968,4.345238095238095,OK,False,False,
Broccoli,Fruits & Vegetables,Rhyzio,4 Heffernan Lane,Active,19-021-5024,75-369-5047,5/19/2024,2/13/2025,5/7/2024,47,63,86,4.0,76,29,-027%,304.0,0.08830295488991263,12.586206896551724,HIGH,False,False,
Tuna,Seafood,Thoughtbeat,35 Waxwing Center,Active,31-403-6234,00-258-2525,5/20/2024,11/24/2024,5/4/2024,87,24,66,18.0,22,34,062%,396.0,0.11502621755396517,10.735294117647058,OK,False,False,
Peach,Fruits & Vegetables,Quire,7 West Street,Backordered,19-047-4239,11-146-9880,5/21/2024,3/30/2024,4/30/2024,47,72,73,4.0,93,27,-055%,372.0,0.10805493164160362,13.518518518518519,HIGH,False,True,Reorder / expedite replenishment
Spinach,Fruits & Vegetables,Youbridge,676 Redwing Trail,Active,29-092-3453,41-867-9911,5/22/2024,5/7/2024,6/17/2024,61,17,69,2.52,31,29,071%,78.12,0.022691535644736763,12.586206896551724,OK,False,False,
Greek Yogurt,Dairy,Thoughtblab,95 Onsgard Way,Discontinued,28-956-1320,01-445-8931,5/23/2024,10/18/2024,9/5/2024,62,2,98,3.0,50,11,006%,150.0,0.04357053695225953,33.18181818181818,OK,False,False,
Cod,Seafood,Buzzshare,01330 Sheridan Way,Active,88-069-5486,95-878-1614,5/23/2024,7/13/2024,5/1/2024,31,87,19,8.0,41,10,078%,328.0,0.09527424080227417,36.5,HIGH,False,False,
Rye Bread,Bakery,Tanoodle,0 Miller Pass,Backordered,97-710-2449,39-676-9308,5/23/2024,1/23/2025,6/19/2024,28,94,80,2.8,31,1,076%,86.8,0.025212817383040848,365.0,HIGH,True,False,Consider rationalize / delist
Blueberries,Fruits & Vegetables,Eidel,53 Caliangt Junction,Backordered,84-272-0790,00-635-4638,5/23/2024,11/18/2024,7/29/2024,28,86,44,10.0,48,12,097%,480.0,0.1394257182472305,30.416666666666668,HIGH,False,False,
Milk,Dairy,BlogXS,4 Bashford Court,Discontinued,89-602-6755,51-054-3811,5/23/2024,2/7/2025,7/17/2024,74,90,26,1.0,24,11,075%,24.0,0.006971285912361524,33.18181818181818,HIGH,False,False,
Eggplant,Fruits & Vegetables,Vimbo,04 Rockefeller Terrace,Active,63-162-9244,58-945-2944,5/24/2024,8/11/2024,5/17/2024,49,89,65,3.0,37,48,054%,111.0,0.03224219734467205,7.604166666666667,HIGH,False,False,
Ricotta Cheese,Dairy,Eadel,6 Anniversary Circle,Discontinued,49-579-4325,98-558-5813,5/24/2024,8/22/2024,5/17/2024,64,95,62,6.0,55,1,-030%,330.0,0.09585518129497096,365.0,HIGH,True,False,Consider rationalize / delist
White Bread,Bakery,Twitterbridge,84148 Prairie Rose Center,Backordered,96-503-7712,97-325-5889,5/25/2024,7/28/2024,1/19/2025,93,76,82,2.5,76,51,098%,190.0,0.0551893468061954,7.1568627450980395,OK,False,False,
Papaya,Fruits & Vegetables,Kwinu,851 Hollow Ridge Center,Backordered,56-213-0577,72-306-8602,5/25/2024,5/23/2024,9/17/2024,24,25,52,4.5,24,77,033%,108.0,0.03137078660562686,4.740259740259741,HIGH,False,False,
Coconut,Fruits & Vegetables,Eazzy,736 Redwing Parkway,Backordered,24-989-3302,89-159-0852,5/25/2024,6/3/2024,7/30/2024,85,90,16,5.0,61,80,-221%,305.0,0.08859342513626105,4.5625,HIGH,False,False,
Mushrooms,Fruits & Vegetables,Chatterpoint,911 Merry Junction,Active,79-920-2395,70-825-7341,5/26/2024,5/8/2024,7/16/2024,81,23,17,6.25,92,78,-031%,575.0,0.16702039165032817,4.67948717948718,OK,False,False,
Olive Oil,Oils & Fats,Layo,482 Green Center,Discontinued,73-118-1117,55-557-8544,5/27/2024,5/5/2024,11/13/2024,52,88,55,6.0,100,46,015%,600.0,0.1742821478090381,7.934782608695652,HIGH,False,True,Reorder / expedite replenishment
Egg (Quail),Dairy,Ntags,9738 Old Shore Trail,Active,65-674-6076,16-933-3355,5/27/2024,10/6/2024,12/18/2024,78,61,6,0.8,49,60,054%,39.2,0.011386433656857157,6.083333333333333,OK,False,False,
Anchovies,Seafood,Skipfire,959 Dorton Pass,Discontinued,66-312-5511,99-553-6838,5/27/2024,4/10/2024,12/15/2024,44,97,76,10.0,80,33,-022%,800.0,0.23237619707871748,11.06060606060606,HIGH,False,True,Reorder / expedite replenishment
Cucumber,Fruits & Vegetables,Youbridge,43211 Lakeland Place,Discontinued,58-005-5343,83-401-2709,5/27/2024,5/3/2024,8/21/2024,38,94,87,1.8,89,100,059%,160.20000000000002,0.04653333346501318,3.65,HIGH,False,True,Reorder / expedite replenishment
Raw Sugar,Grains & Pulses,Mydo,66879 Susan Place,Backordered,40-795-0753,47-183-4911,5/28/2024,2/22/2025,5/30/2024,31,43,80,1.5,46,78,-012%,69.0,0.020042446998039382,4.67948717948718,HIGH,False,False,
Haddock,Seafood,Midel,582 Sauthoff Crossing,Discontinued,73-401-5721,38-622-5251,5/28/2024,10/28/2024,12/26/2024,46,28,73,9.0,65,57,-070%,585.0,0.16992509411381215,6.4035087719298245,OK,False,False,
Cheddar Cheese,Dairy,Demizz,97687 Mendota Terrace,Active,53-680-5293,47-732-4446,5/28/2024,5/31/2024,8/24/2024,88,74,97,9.0,79,5,012%,711.0,0.20652434515371015,73.0,OK,False,False,
Raw Sugar,Grains & Pulses,Eabox,36 Bobwhite Parkway,Discontinued,02-170-5225,90-940-9550,5/28/2024,9/18/2024,2/23/2025,90,75,43,1.5,80,57,094%,120.0,0.03485642956180762,6.4035087719298245,OK,False,False,
Green Tea,Beverages,Jetpulse,0 Sutteridge Trail,Discontinued,55-680-0982,57-412-5368,5/28/2024,1/14/2025,8/19/2024,64,66,28,8.0,25,52,029%,200.0,0.05809404926967937,7.019230769230769,HIGH,False,False,
Arabica Coffee,Beverages,Skivee,17780 Lindbergh Junction,Active,48-414-6162,10-060-8515,5/29/2024,11/8/2024,5/5/2024,55,93,84,20.0,46,84,-108%,920.0,0.2672326266405251,4.345238095238095,HIGH,False,False,
Salmon,Seafood,Feedfish,13 Loomis Alley,Discontinued,71-631-5875,91-859-1733,5/29/2024,9/9/2024,10/25/2024,88,83,42,15.0,61,59,-083%,915.0,0.26578027540878313,6.186440677966102,OK,False,False,
Sour Cream,Dairy,Voonder,19 Aberg Trail,Backordered,34-538-1180,40-907-4937,5/29/2024,11/3/2024,4/6/2024,29,39,80,4.0,23,85,003%,92.0,0.026723262664052512,4.294117647058823,HIGH,False,False,
Eggplant,Fruits & Vegetables,Topicstorm,938 Hanover Point,Discontinued,48-957-6116,34-334-6888,5/30/2024,5/16/2024,8/5/2024,31,44,9,3.0,46,9,-270%,138.0,0.040084893996078765,40.55555555555556,HIGH,False,False,
Heavy Cream,Dairy,Oyoyo,2 Kingsford Center,Discontinued,32-261-0008,26-073-5798,5/30/2024,2/18/2025,7/18/2024,63,48,22,4.0,21,90,080%,84.0,0.024399500693265335,4.055555555555555,OK,False,False,
Bell Pepper,Fruits & Vegetables,Leenti,42397 Knutson Place,Discontinued,34-110-1040,14-427-6604,5/30/2024,6/9/2024,6/24/2024,75,85,27,4.5,26,68,-329%,117.0,0.033985018822762426,5.367647058823529,HIGH,False,False,
Cauliflower,Fruits & Vegetables,Vinder,611 Fieldstone Drive,Backordered,74-132-5528,41-713-1053,5/30/2024,3/21/2024,1/22/2025,63,62,98,2.5,62,45,-162%,155.0,0.04502288818400151,8.11111111111111,OK,False,False,
Coconut,Fruits & Vegetables,Mudo,25923 Loeprich Junction,Backordered,15-797-4824,46-830-4835,5/30/2024,11/20/2024,1/14/2025,32,27,26,5.0,38,79,027%,190.0,0.0551893468061954,4.620253164556962,OK,False,False,
White Sugar,Grains & Pulses,Mydeo,7834 Cordelia Alley,Backordered,76-854-0095,38-883-3382,5/31/2024,2/8/2025,12/28/2024,65,61,82,2.0,29,11,-108%,58.0,0.016847274288207016,33.18181818181818,OK,False,False,
Cauliflower,Fruits & Vegetables,Flashspan,929 Thierer Lane,Discontinued,94-092-3355,76-641-2070,6/13/2024,12/1/2024,8/4/2024,57,43,46,2.5,87,88,062%,217.5,0.0631772785807763,4.1477272727272725,OK,False,False,
Cauliflower,Fruits & Vegetables,Tanoodle,973 Spaight Place,Active,99-194-5600,70-064-6828,6/14/2024,2/25/2024,5/14/2024,57,25,98,2.5,78,37,-001%,195.0,0.05664169803793739,9.864864864864865,OK,False,False,
Multigrain Bread,Bakery,Innojam,883 Marcy Place,Backordered,40-205-8252,68-493-0378,6/14/2024,10/5/2024,7/14/2024,38,37,27,3.5,45,88,053%,157.5,0.0457490637998725,4.1477272727272725,OK,False,False,
Yogurt,Dairy,Miboo,6211 Hanson Terrace,Discontinued,69-674-5387,04-313-0298,6/15/2024,6/27/2024,2/1/2025,59,27,63,1.75,92,82,-096%,161.0,0.04676570966209189,4.451219512195122,OK,False,False,
Peach,Fruits & Vegetables,Linktype,0 Oak Valley Lane,Active,04-293-6969,69-087-6645,6/15/2024,9/2/2024,8/20/2024,37,38,24,4.0,93,32,011%,372.0,0.10805493164160362,11.40625,HIGH,False,True,Reorder / expedite replenishment
Gouda Cheese,Dairy,Avaveo,84 Hoffman Way,Active,21-890-2826,32-371-1686,6/15/2024,5/4/2024,9/19/2024,48,12,62,7.0,59,23,066%,413.0,0.1199642117418879,15.869565217391305,OK,False,False,
Butter Biscuit,Bakery,Vipe,315 Acker Alley,Discontinued,65-759-3721,21-634-5781,6/16/2024,5/24/2024,12/28/2024,33,60,67,6.0,20,7,061%,120.0,0.03485642956180762,52.142857142857146,HIGH,False,False,
Corn Oil,Oils & Fats,Centizu,7 Anzinger Lane,Discontinued,36-383-3677,88-020-6814,6/16/2024,5/29/2024,2/2/2025,32,38,23,2.5,52,11,065%,130.0,0.03776113202529159,33.18181818181818,HIGH,False,False,
Cherry,Fruits & Vegetables,Gigazoom,61057 Hallows Junction,Active,84-546-7624,34-730-9079,6/16/2024,4/8/2024,6/1/2024,43,41,100,8.0,27,78,079%,216.0,0.06274157321125372,4.67948717948718,OK,False,False,
Sesame Oil,Oils & Fats,Youopia,8851 Superior Park,Active,77-827-0820,46-590-7639,6/16/2024,11/6/2024,11/9/2024,97,20,8,6.5,51,51,-189%,331.5,0.09629088666449355,7.1568627450980395,OK,False,False,
Black Coffee,Beverages,Quamba,00 6th Parkway,Backordered,57-562-2358,22-644-6447,6/17/2024,1/19/2025,2/4/2025,37,94,76,15.0,94,66,000%,1410.0,0.40956304735123955,5.53030303030303,HIGH,False,True,Reorder / expedite replenishment
Heavy Cream,Dairy,Talane,9848 Little Fleur Point,Backordered,93-218-8108,05-966-6460,6/17/2024,5/22/2024,11/17/2024,74,60,27,4.0,99,68,030%,396.0,0.11502621755396517,5.367647058823529,OK,False,False,
Haddock,Seafood,Yabox,12 Luster Terrace,Discontinued,81-354-4203,15-466-5131,6/18/2024,6/27/2024,4/28/2024,76,57,78,9.0,52,86,031%,468.0,0.1359400752910497,4.244186046511628,OK,False,False,
Gouda Cheese,Dairy,Thoughtblab,6 John Wall Plaza,Backordered,57-613-5779,29-009-9132,6/19/2024,3/11/2024,8/29/2024,100,21,64,7.0,20,13,-065%,140.0,0.04066583448877556,28.076923076923077,OK,False,False,
Evaporated Milk,Dairy,Gigabox,3 Dottie Junction,Discontinued,49-919-8798,82-482-3670,6/19/2024,8/4/2024,10/10/2024,64,31,91,1.9,85,42,035%,161.5,0.04691094478526609,8.69047619047619,OK,False,False,
Gouda Cheese,Dairy,Gigazoom,7 Victoria Hill,Active,70-542-4269,27-772-7906,6/19/2024,4/23/2024,4/17/2024,41,22,11,7.0,86,30,051%,602.0,0.17486308830173491,12.166666666666666,OK,False,False,
Orange,Fruits & Vegetables,Camido,3 Logan Trail,Discontinued,43-670-8544,16-656-4821,6/20/2024,5/14/2024,10/7/2024,84,95,22,2.85,48,82,065%,136.8,0.03973632970046069,4.451219512195122,HIGH,False,False,
Digestive Biscuit,Bakery,Quatz,30590 Bowman Alley,Discontinued,29-436-6570,12-140-7809,6/20/2024,9/27/2024,9/17/2024,61,8,45,4.0,73,64,-071%,292.0,0.08481731193373188,5.703125,OK,False,False,
Peanut Oil,Oils & Fats,Devpulse,0 Lawn Parkway,Active,10-617-7581,86-995-7254,6/20/2024,3/30/2024,6/17/2024,24,14,5,4.0,98,9,012%,392.0,0.11386433656857156,40.55555555555556,OK,False,False,
Cheddar Cheese,Dairy,Roomm,7 Lunder Hill,Backordered,50-772-2613,74-619-4608,6/20/2024,5/19/2024,3/23/2024,86,23,1,9.0,100,86,091%,900.0,0.26142322171355714,4.244186046511628,OK,False,False,
Tilapia,Seafood,Jamia,4 Darwin Circle,Backordered,26-535-4727,17-939-1338,6/21/2024,8/17/2024,4/29/2024,93,25,23,7.0,72,83,014%,504.0,0.146397004159592,4.397590361445783,OK,False,False,
Avocado Oil,Oils & Fats,Skajo,042 Di Loreto Court,Backordered,88-602-8210,26-411-9126,6/22/2024,6/19/2024,9/28/2024,99,96,39,10.0,94,89,-015%,940.0,0.27304203156749307,4.101123595505618,OK,False,False,
Mackerel,Seafood,Twitterworks,0743 4th Place,Backordered,83-966-3280,50-305-3936,6/22/2024,10/13/2024,9/20/2024,30,29,70,7.5,80,43,005%,600.0,0.1742821478090381,8.488372093023257,OK,False,False,
Corn Oil,Oils & Fats,Shuffletag,32 Charing Cross Pass,Backordered,21-252-1360,28-314-1189,6/22/2024,9/4/2024,7/4/2024,75,23,34,2.5,100,54,046%,250.0,0.07261756158709921,6.7592592592592595,OK,False,False,
Whole Wheat Flour,Grains & Pulses,Mudo,11 Thackeray Hill,Active,89-922-4773,99-455-0707,6/22/2024,7/2/2024,12/27/2024,39,53,64,2.75,92,8,046%,253.0,0.0734889723261444,45.625,HIGH,False,True,Reorder / expedite replenishment
Apple,Fruits & Vegetables,Geba,6225 Westend Pass,Discontinued,15-884-7413,39-412-7454,6/22/2024,5/23/2024,4/16/2024,77,58,13,3.5,63,28,091%,220.5,0.06404868931982151,13.035714285714286,OK,False,False,
Palm Oil,Oils & Fats,Zooxo,97 Sunnyside Court,Discontinued,82-243-3180,18-631-1458,6/23/2024,7/31/2024,2/11/2025,43,63,80,1.8,33,96,056%,59.4,0.017253932633094774,3.8020833333333335,HIGH,False,False,
Mozzarella Cheese,Dairy,Blogspan,63464 Jana Court,Backordered,33-807-7247,94-453-3755,6/23/2024,7/7/2024,1/3/2025,58,17,26,7.0,62,89,-191%,434.0,0.12606408691520424,4.101123595505618,OK,False,False,
Swiss Cheese,Dairy,Meeveo,6 Susan Alley,Active,07-858-5487,92-991-6167,6/23/2024,5/16/2024,12/29/2024,64,14,44,8.0,53,33,-044%,424.0,0.12315938445172027,11.06060606060606,OK,False,False,
Halibut,Seafood,Camido,1715 Dottie Pass,Active,27-387-0428,62-312-2748,6/23/2024,11/29/2024,4/9/2024,88,42,68,20.0,92,29,038%,1840.0,0.5344652532810502,12.586206896551724,OK,False,False,
Mushrooms,Fruits & Vegetables,Photospace,91 Kinsman Terrace,Active,79-741-0770,67-771-7656,6/24/2024,2/24/2025,3/17/2024,72,87,39,6.0,94,57,068%,564.0,0.16382521894049581,6.4035087719298245,HIGH,False,True,Reorder / expedite replenishment
Lemon,Fruits & Vegetables,Layo,867 Merrick Place,Discontinued,34-086-3222,34-017-9457,6/24/2024,12/25/2024,6/5/2024,12,7,48,2.3,66,4,039%,151.79999999999998,0.044093383395686636,91.25,OK,True,False,Consider rationalize / delist
White Tea,Beverages,Viva,339 Crescent Oaks Plaza,Active,93-166-3169,21-156-0102,6/24/2024,2/13/2025,1/2/2025,58,81,66,25.0,85,78,094%,2125.0,0.6172492734903433,4.67948717948718,HIGH,False,True,Reorder / expedite replenishment
Mango,Fruits & Vegetables,Meevee,1 Judy Street,Backordered,74-548-9313,69-832-7009,6/24/2024,9/20/2024,2/12/2025,99,59,12,5.0,52,57,008%,260.0,0.07552226405058318,6.4035087719298245,OK,False,False,
Rice Flour,Grains & Pulses,Livetube,996 Thierer Center,Backordered,53-710-7630,46-171-9624,6/25/2024,7/9/2024,1/14/2025,25,95,71,2.0,24,76,-010%,48.0,0.013942571824723048,4.802631578947368,HIGH,False,False,
Bell Pepper,Fruits & Vegetables,Jaxbean,06584 Mendota Avenue,Backordered,64-119-7804,53-497-9614,6/25/2024,3/6/2024,12/29/2024,98,43,9,4.5,86,62,-217%,387.0,0.11241198533682957,5.887096774193548,OK,False,False,
Green Coffee,Beverages,Cogibox,3 Raven Court,Discontinued,40-810-9261,56-554-1762,6/26/2024,12/9/2024,5/23/2024,75,47,33,12.5,33,12,028%,412.5,0.11981897661871371,30.416666666666668,OK,False,False,
Feta Cheese,Dairy,Demivee,84 Washington Crossing,Active,91-553-1774,74-943-4552,6/26/2024,9/5/2024,4/12/2024,80,43,80,7.0,64,53,064%,448.0,0.13013067036408177,6.886792452830188,OK,False,False,
Herbal Tea,Beverages,Dynazzy,428 Oriole Avenue,Discontinued,39-192-3521,74-062-7176,6/26/2024,2/22/2025,3/16/2024,20,9,12,30.5,46,32,017%,1403.0,0.40752975562680077,11.40625,OK,False,False,
Oatmeal Biscuit,Bakery,Vidoo,3 Melrose Trail,Discontinued,63-890-1246,29-273-1595,6/27/2024,5/16/2024,10/9/2024,93,50,43,5.0,76,35,030%,380.0,0.1103786936123908,10.428571428571429,OK,False,False,
Anchovies,Seafood,Quatz,290 Rusk Avenue,Discontinued,71-954-4501,26-135-6134,6/27/2024,10/8/2024,7/26/2024,66,49,41,10.0,27,37,054%,270.0,0.07842696651406715,9.864864864864865,OK,False,False,
Avocado Oil,Oils & Fats,Quamba,0 Oxford Crossing,Backordered,00-357-2313,93-619-6639,6/29/2024,11/26/2024,12/13/2024,10,86,23,10.0,24,52,-037%,240.0,0.06971285912361525,7.019230769230769,HIGH,False,False,
Digestive Biscuit,Bakery,Dabvine,99 Fair Oaks Circle,Discontinued,29-756-7042,20-426-2191,6/29/2024,4/15/2024,5/7/2024,90,52,50,4.0,63,14,-117%,252.0,0.073198502079796,26.071428571428573,OK,False,False,
Raw Sugar,Grains & Pulses,Livepath,461 Bluejay Circle,Backordered,92-551-8504,22-836-5101,6/29/2024,2/22/2025,12/24/2024,19,81,33,1.5,39,85,078%,58.5,0.016992509411381213,4.294117647058823,HIGH,False,False,
White Bread,Bakery,Skivee,21844 Artisan Trail,Discontinued,61-317-9944,03-220-5535,6/29/2024,5/17/2024,10/29/2024,72,20,71,2.5,87,68,-118%,217.5,0.0631772785807763,5.367647058823529,OK,False,False,
Mango,Fruits & Vegetables,Oyoloo,081 Bellgrove Place,Active,03-276-3931,42-224-8186,6/30/2024,9/18/2024,12/20/2024,60,36,28,4.5,26,29,022%,117.0,0.033985018822762426,12.586206896551724,OK,False,False,
Potato,Fruits & Vegetables,Edgewire,6891 Mandrake Park,Discontinued,02-275-6061,21-829-0398,6/30/2024,3/26/2024,8/19/2024,26,16,69,1.2,64,79,-012%,76.8,0.022308114919556876,4.620253164556962,OK,False,False,
Sesame Oil,Oils & Fats,Divanoodle,73966 Pond Trail,Backordered,72-970-0239,64-752-3122,6/30/2024,7/24/2024,7/18/2024,85,86,21,6.5,78,53,-023%,507.0,0.1472684148986372,6.886792452830188,HIGH,False,True,Reorder / expedite replenishment
Bell Pepper,Fruits & Vegetables,Fatz,5 Warner Court,Backordered,36-679-4670,60-508-7567,6/30/2024,2/22/2025,1/13/2025,90,22,20,4.5,81,88,032%,364.5,0.10587640479399064,4.1477272727272725,OK,False,False,
White Tea,Beverages,Jazzy,9623 Cottonwood Park,Discontinued,13-409-9040,34-303-5097,6/30/2024,8/5/2024,1/8/2025,35,20,42,25.25,53,56,-009%,1338.25,0.38872180717574206,6.517857142857143,OK,False,False,
Corn Oil,Oils & Fats,Flipopia,5 Mesta Center,Active,88-408-0310,91-002-3027,6/30/2024,3/31/2024,8/26/2024,50,40,69,2.5,28,98,-006%,70.0,0.02033291724438778,3.7244897959183674,OK,False,False,
Garlic,Fruits & Vegetables,Twiyo,81071 West Alley,Active,57-359-3397,54-659-1177,7/13/2024,10/2/2024,12/19/2024,43,40,30,7.0,95,26,-250%,665.0,0.1931627138216839,14.038461538461538,OK,False,False,
Grapes,Fruits & Vegetables,Gabspot,38 Esch Pass,Discontinued,01-050-2246,80-462-5807,7/13/2024,2/25/2024,9/8/2024,99,68,1,5.5,59,16,073%,324.5,0.09425759494005477,22.8125,OK,False,False,
Parmesan Cheese,Dairy,Tagpad,8 Dawn Court,Active,47-581-0363,08-359-2568,7/14/2024,12/5/2024,1/20/2025,99,10,88,12.0,69,98,073%,828.0,0.2405093639764726,3.7244897959183674,OK,False,False,
Mackerel,Seafood,Wikido,2869 Hudson Drive,Discontinued,33-670-6797,74-032-7560,7/14/2024,8/26/2024,7/5/2024,45,56,64,7.5,35,82,-042%,262.5,0.07624843966645417,4.451219512195122,HIGH,False,False,
Brown Rice,Grains & Pulses,Flipbug,83291 Hansons Crossing,Discontinued,69-578-7930,37-728-5274,7/14/2024,3/18/2024,6/5/2024,44,67,31,2.5,44,72,-134%,110.0,0.031951727098323654,5.069444444444445,HIGH,False,False,
Pomegranate,Fruits & Vegetables,Eare,4 Esch Point,Backordered,75-672-4378,20-103-9525,7/15/2024,11/16/2024,6/5/2024,62,40,86,6.0,45,86,-064%,270.0,0.07842696651406715,4.244186046511628,OK,False,False,
Oatmeal Biscuit,Bakery,Gigazoom,492 Shoshone Road,Backordered,31-211-5803,75-503-9347,7/16/2024,8/21/2024,2/7/2025,16,9,32,5.0,50,98,-091%,250.0,0.07261756158709921,3.7244897959183674,OK,False,False,
Coconut,Fruits & Vegetables,Skippad,26 Graceland Circle,Discontinued,49-861-7823,22-152-0111,7/16/2024,7/13/2024,8/10/2024,99,8,27,5.0,41,50,-096%,205.0,0.059546400501421355,7.3,OK,False,False,
Bread Flour,Grains & Pulses,Skaboo,9 Eastlawn Crossing,Backordered,84-624-0201,25-769-3792,7/17/2024,11/9/2024,1/20/2025,71,77,30,1.5,34,57,-022%,51.0,0.01481398256376824,6.4035087719298245,HIGH,False,False,
Cucumber,Fruits & Vegetables,Gigazoom,22 Dexter Trail,Backordered,66-993-4234,15-852-0491,7/18/2024,1/16/2025,6/24/2024,13,60,100,1.8,44,32,-068%,79.2,0.02300524351079303,11.40625,HIGH,False,False,
Milk,Dairy,Thoughtsphere,5030 Moose Junction,Discontinued,00-963-2193,39-521-8484,7/19/2024,2/3/2025,12/23/2024,43,88,33,1.0,84,75,027%,84.0,0.024399500693265335,4.866666666666666,HIGH,False,True,Reorder / expedite replenishment
Butter Biscuit,Bakery,Quatz,206 Pine View Junction,Active,99-420-3592,88-647-5082,7/19/2024,7/21/2024,11/13/2024,22,24,94,6.0,47,71,011%,282.0,0.08191260947024791,5.140845070422535,HIGH,False,False,
Egg (Quail),Dairy,Vinte,868 Swallow Point,Discontinued,76-623-7844,84-498-3849,7/19/2024,8/23/2024,5/15/2024,29,33,88,0.8,50,35,-051%,40.0,0.011618809853935874,10.428571428571429,HIGH,False,False,
Almond Flour,Grains & Pulses,Voonte,65 Merry Circle,Discontinued,28-003-8065,42-579-7177,7/19/2024,2/16/2025,1/28/2025,79,47,51,9.5,83,69,030%,788.5,0.22903578924571094,5.2898550724637685,OK,False,False,
Broccoli,Fruits & Vegetables,Buzzster,26 Barnett Junction,Discontinued,28-008-2951,64-118-1480,7/20/2024,1/16/2025,5/20/2024,95,29,28,4.0,52,46,017%,208.0,0.060417811240466544,7.934782608695652,OK,False,False,
Swiss Cheese,Dairy,Quinu,36 Longview Street,Active,45-402-0421,87-201-6047,7/20/2024,12/8/2024,7/14/2024,70,84,72,8.0,71,20,012%,568.0,0.16498709992588942,18.25,HIGH,False,False,
Kale,Fruits & Vegetables,Brightbean,1034 2nd Point,Backordered,73-942-0508,37-057-3553,7/20/2024,1/14/2025,10/4/2024,61,100,94,4.0,76,2,072%,304.0,0.08830295488991263,182.5,HIGH,True,False,Consider rationalize / delist
Sardines,Seafood,Vinder,111 David Hill,Backordered,22-266-9291,15-550-0171,7/20/2024,3/27/2024,4/8/2024,11,17,59,6.0,69,100,097%,414.0,0.1202546819882363,3.65,HIGH,False,False,
Buttermilk,Dairy,Twitterbeat,25 Nancy Place,Discontinued,06-068-6793,94-958-6101,7/20/2024,8/6/2024,8/15/2024,39,80,68,2.5,46,54,-045%,115.0,0.03340407833006564,6.7592592592592595,HIGH,False,False,
Bell Pepper,Fruits & Vegetables,Skimia,33424 Express Avenue,Discontinued,58-063-8633,21-932-5200,7/21/2024,6/30/2024,9/22/2024,50,3,88,4.5,69,73,-017%,310.5,0.09019101149117721,5.0,OK,False,False,
Herbal Tea,Beverages,Yoveo,67677 Lakewood Gardens Way,Active,27-442-3654,57-544-2465,7/21/2024,8/26/2024,12/3/2024,59,17,1,30.0,69,82,-006%,2070.0,0.6012734099411814,4.451219512195122,OK,False,False,
Strawberries,Fruits & Vegetables,Yombu,884 Fieldstone Plaza,Backordered,03-043-9933,48-450-4126,7/21/2024,2/9/2025,2/8/2025,16,23,76,6.1,50,27,-019%,305.0,0.08859342513626105,13.518518518518519,HIGH,False,False,
Bread Flour,Grains & Pulses,Skyndu,4105 Fair Oaks Parkway,Active,99-137-1730,65-797-3468,7/22/2024,2/28/2024,10/18/2024,62,79,23,1.5,32,80,046%,48.0,0.013942571824723048,4.5625,HIGH,False,False,
Haddock,Seafood,Youtags,665 Sommers Circle,Backordered,09-622-7119,59-781-3399,7/22/2024,1/30/2025,6/15/2024,30,81,99,9.0,99,3,-150%,891.0,0.2588089894964216,121.66666666666667,HIGH,True,True,Reorder / expedite replenishment
Grapes,Fruits & Vegetables,Rhynyx,622 Buena Vista Trail,Backordered,95-356-1566,57-204-2098,7/22/2024,2/21/2025,1/29/2025,13,61,77,5.5,42,18,097%,231.0,0.06709862690647968,20.27777777777778,HIGH,False,False,
White Sugar,Grains & Pulses,Skyba,083 Gulseth Pass,Active,22-319-1377,82-266-1796,7/23/2024,3/3/2024,6/21/2024,14,16,93,2.0,39,30,057%,78.0,0.022656679215174953,12.166666666666666,HIGH,False,False,
Wild Rice,Grains & Pulses,Devbug,022 Prairie Rose Drive,Discontinued,89-181-4523,54-749-3622,7/23/2024,6/23/2024,12/22/2024,46,6,64,10.0,63,29,023%,630.0,0.18299625519949,12.586206896551724,OK,False,False,
Black Coffee,Beverages,Aimbu,0 Oneill Hill,Discontinued,38-555-9147,35-370-7603,7/23/2024,4/29/2024,3/8/2024,62,23,25,15.5,34,68,054%,527.0,0.15307781982560514,5.367647058823529,OK,False,False,
Onion,Fruits & Vegetables,Voolith,992 East Point,Active,53-667-4109,40-800-4739,7/23/2024,3/21/2024,5/24/2024,16,75,42,2.0,22,46,-100%,44.0,0.012780690839329461,7.934782608695652,HIGH,False,False,
All-Purpose Flour,Grains & Pulses,Wikibox,21629 Burrows Pass,Discontinued,14-489-8669,28-436-5158,7/24/2024,11/5/2024,5/13/2024,54,69,68,1.75,77,56,-109%,134.75,0.039140865695446475,6.517857142857143,HIGH,False,False,
Vegetable Oil,Oils & Fats,Trudeo,5414 Linden Point,Backordered,26-031-8070,11-096-4003,7/25/2024,5/25/2024,4/19/2024,57,99,23,2.0,89,21,027%,178.0,0.05170370385001463,17.38095238095238,HIGH,False,True,Reorder / expedite replenishment
Pomegranate,Fruits & Vegetables,Teklist,60 Messerschmidt Pass,Active,47-221-2470,30-780-7583,7/25/2024,4/3/2024,10/10/2024,17,45,44,6.0,37,16,076%,222.0,0.0644843946893441,22.8125,HIGH,False,False,
Green Beans,Fruits & Vegetables,Fivespan,92 Bartelt Terrace,Active,67-382-4435,49-901-0828,7/25/2024,12/21/2024,3/2/2024,99,37,74,2.1,46,46,057%,96.60000000000001,0.028059425797255136,7.934782608695652,OK,False,False,
Broccoli,Fruits & Vegetables,Jetpulse,071 Nobel Circle,Discontinued,94-029-2717,37-878-9392,7/26/2024,2/6/2025,6/9/2024,40,8,98,4.0,86,12,000%,344.0,0.09992176474384852,30.416666666666668,OK,False,False,
Egg (Duck),Dairy,Dynazzy,30880 Barnett Junction,Discontinued,47-866-6589,78-203-1075,7/26/2024,2/3/2025,7/27/2024,41,61,69,1.0,30,100,086%,30.0,0.008714107390451906,3.65,HIGH,False,False,
Tilapia,Seafood,Jabbercube,116 Spaight Park,Discontinued,94-355-3070,73-393-9432,7/26/2024,7/13/2024,7/23/2024,14,52,80,6.8,64,17,-233%,435.2,0.1264126512108223,21.470588235294116,HIGH,False,False,
Vanilla Biscuit,Bakery,Yozio,317 Anniversary Pass,Backordered,82-342-7339,14-325-9173,7/27/2024,7/31/2024,3/4/2024,80,61,23,5.5,63,75,073%,346.5,0.10064794035971952,4.866666666666666,OK,False,False,
Arabica Coffee,Beverages,Rhyzio,5 Killdeer Trail,Backordered,80-459-5950,04-866-2231,7/27/2024,10/2/2024,3/20/2024,74,10,74,20.0,100,66,-019%,2000.0,0.5809404926967937,5.53030303030303,OK,False,False,
Cauliflower,Fruits & Vegetables,Avamm,05 Bartelt Street,Active,67-248-6306,86-173-6891,7/27/2024,10/2/2024,12/22/2024,77,54,10,2.5,64,73,034%,160.0,0.0464752394157435,5.0,OK,False,False,
Sweet Potato,Fruits & Vegetables,Yodo,55 Cherokee Circle,Discontinued,68-973-8812,31-955-7362,7/27/2024,6/22/2024,5/24/2024,44,77,45,2.0,89,64,-014%,178.0,0.05170370385001463,5.703125,HIGH,False,True,Reorder / expedite replenishment
Mango,Fruits & Vegetables,Skipfire,387 Jay Point,Discontinued,11-325-7396,98-940-7545,7/28/2024,10/18/2024,3/26/2024,92,46,13,5.0,24,75,028%,120.0,0.03485642956180762,4.866666666666666,OK,False,False,
Zucchini,Fruits & Vegetables,Brainverse,9695 Alpine Trail,Discontinued,68-761-6907,31-199-3683,7/28/2024,7/21/2024,2/2/2025,26,18,62,2.5,57,86,-213%,142.5,0.04139201010464655,4.244186046511628,OK,False,False,
Almond Flour,Grains & Pulses,Brainverse,1468 Meadow Vale Court,Backordered,62-509-0666,16-419-1419,7/28/2024,5/15/2024,7/3/2024,13,88,7,9.5,24,21,-051%,228.0,0.06622721616743447,17.38095238095238,HIGH,False,False,
Lemon,Fruits & Vegetables,Flashspan,022 Pierstorff Point,Active,44-476-0390,48-562-3582,7/28/2024,4/27/2024,3/14/2024,90,92,56,2.5,71,13,013%,177.5,0.051558468726840445,28.076923076923077,HIGH,False,False,
Sour Cream,Dairy,Babblestorm,33 Clarendon Hill,Active,08-213-2058,13-179-9553,7/28/2024,9/7/2024,8/26/2024,43,73,14,4.0,59,65,082%,236.0,0.06855097813822165,5.615384615384615,HIGH,False,False,
Broccoli,Fruits & Vegetables,Jabbersphere,2 School Drive,Discontinued,35-529-2933,57-591-6452,7/28/2024,10/23/2024,7/13/2024,85,54,18,4.0,85,44,-010%,340.0,0.09875988375845493,8.295454545454545,OK,False,False,
Egg (Turkey),Dairy,Topiclounge,120 Gale Circle,Discontinued,24-364-3341,13-290-8513,7/29/2024,4/11/2024,9/25/2024,44,84,63,2.5,51,67,048%,127.5,0.037034956409420595,5.447761194029851,HIGH,False,False,
Pear,Fruits & Vegetables,Lazz,582 Dahle Center,Active,65-644-1394,23-280-1300,7/29/2024,1/6/2025,2/10/2025,26,95,36,4.5,92,14,-031%,414.0,0.1202546819882363,26.071428571428573,HIGH,False,True,Reorder / expedite replenishment
Cauliflower,Fruits & Vegetables,Jabberstorm,39014 Randy Court,Discontinued,88-401-3700,39-299-6093,7/29/2024,2/4/2025,1/20/2025,86,66,24,2.5,30,6,085%,75.0,0.021785268476129764,60.833333333333336,OK,False,False,
Digestive Biscuit,Bakery,Vimbo,4247 David Crossing,Discontinued,47-441-7682,90-998-1236,7/29/2024,12/12/2024,11/30/2024,40,91,24,4.0,28,47,080%,112.0,0.03253266759102044,7.76595744680851,HIGH,False,False,
Grapes,Fruits & Vegetables,Skinix,6482 Ramsey Alley,Backordered,68-977-2498,26-222-1156,7/30/2024,5/20/2024,7/21/2024,88,99,41,5.5,93,99,-068%,511.5,0.148575531007205,3.686868686868687,HIGH,False,True,Reorder / expedite replenishment
Almond Flour,Grains & Pulses,Trilia,153 Caliangt Plaza,Backordered,37-567-3218,03-257-4437,7/30/2024,10/31/2024,7/20/2024,37,47,34,9.5,38,89,-006%,361.0,0.10485975893177125,4.101123595505618,HIGH,False,False,
Peanut Oil,Oils & Fats,Twitterbeat,99 Twin Pines Alley,Active,87-903-3486,90-378-8463,7/30/2024,9/10/2024,2/29/2024,21,25,39,4.0,79,30,-134%,316.0,0.0917885978460934,12.166666666666666,HIGH,False,True,Reorder / expedite replenishment
Bell Pepper,Fruits & Vegetables,Linklinks,6 Swallow Crossing,Discontinued,96-316-7600,76-671-7104,7/31/2024,7/27/2024,7/7/2024,70,31,55,4.5,23,80,062%,103.5,0.030063670497059075,4.5625,OK,False,False,
Egg (Goose),Dairy,Oba,53894 Myrtle Place,Backordered,00-842-9790,37-079-2530,7/31/2024,1/30/2025,12/28/2024,65,94,4,2.5,66,36,-248%,165.0,0.04792759064748548,10.13888888888889,HIGH,False,False,
Coconut Oil,Oils & Fats,Browsezoom,1275 Lawn Center,Discontinued,96-164-0607,15-655-3923,7/31/2024,12/20/2024,10/17/2024,89,79,66,5.0,91,31,045%,455.0,0.13216396208852055,11.774193548387096,OK,False,False,
Olive Oil,Oils & Fats,Kamba,504 Green Park,Discontinued,04-240-2226,65-842-6819,8/13/2024,6/28/2024,3/5/2024,47,48,73,6.0,42,51,066%,252.0,0.073198502079796,7.1568627450980395,HIGH,False,False,
Pineapple,Fruits & Vegetables,Rooxo,9 Bartillon Trail,Discontinued,97-772-2336,19-704-4404,8/13/2024,2/3/2025,7/14/2024,70,30,69,3.5,44,42,-021%,154.0,0.04473241793765311,8.69047619047619,OK,False,False,
Pomegranate,Fruits & Vegetables,Kamba,5900 Vahlen Avenue,Backordered,63-822-5278,27-636-1606,8/13/2024,12/13/2024,2/27/2024,14,66,1,6.0,86,15,005%,516.0,0.1498826471157728,24.333333333333332,HIGH,False,True,Reorder / expedite replenishment
Short Grain Rice,Grains & Pulses,Yombu,6990 Kings Place,Discontinued,19-967-0632,90-445-1753,8/14/2024,2/4/2025,11/6/2024,53,86,54,3.0,44,3,083%,132.0,0.038342072517988386,121.66666666666667,HIGH,True,False,Consider rationalize / delist
Pomegranate,Fruits & Vegetables,Kwideo,4 Old Shore Avenue,Active,28-986-8001,37-281-2537,8/14/2024,6/15/2024,10/13/2024,65,69,4,6.0,80,26,093%,480.0,0.1394257182472305,14.038461538461538,HIGH,False,True,Reorder / expedite replenishment
Jasmine Rice,Grains & Pulses,Katz,012 Mockingbird Court,Backordered,44-128-2185,79-091-7381,8/14/2024,7/10/2024,12/30/2024,98,20,81,4.75,51,23,068%,242.25,0.07036641717789913,15.869565217391305,OK,False,False,
Egg (Chicken),Dairy,Bubblemix,739 Rowland Way,Discontinued,84-327-7787,97-571-0561,8/14/2024,8/26/2024,9/6/2024,83,35,43,0.2,94,68,055%,18.8,0.005460840631349861,5.367647058823529,OK,False,False,
Coconut,Fruits & Vegetables,Mydo,772 Golf Course Junction,Active,50-364-5828,17-239-6309,8/15/2024,6/14/2024,12/23/2024,89,57,92,5.0,38,16,028%,190.0,0.0551893468061954,22.8125,OK,False,False,
Egg (Turkey),Dairy,Browsedrive,231 Merry Pass,Active,65-368-2479,99-570-8162,8/15/2024,3/10/2024,10/7/2024,23,21,59,2.4,81,8,058%,194.4,0.056467415890128346,45.625,OK,False,False,
Greek Yogurt,Dairy,Shufflester,7 Hooker Way,Backordered,17-253-5688,42-638-2086,8/15/2024,7/7/2024,6/20/2024,39,55,39,3.0,47,59,090%,141.0,0.040956304735123954,6.186440677966102,HIGH,False,False,
Sushi Rice,Grains & Pulses,Jaxnation,48 Del Sol Trail,Discontinued,29-205-1132,38-037-1699,8/16/2024,6/29/2024,9/19/2024,22,72,70,4.5,32,19,-026%,144.0,0.04182771547416914,19.210526315789473,HIGH,False,False,
Peanut Oil,Oils & Fats,Pixoboo,76 Independence Drive,Discontinued,64-854-8664,19-893-7698,8/16/2024,1/25/2025,8/30/2024,79,3,36,4.0,46,29,041%,184.0,0.053446525328105024,12.586206896551724,OK,False,False,
Trout,Seafood,Jabbertype,08 Randy Junction,Active,66-627-9752,87-839-6400,8/17/2024,10/1/2024,9/3/2024,49,73,48,12.0,52,62,037%,624.0,0.18125343372139963,5.887096774193548,HIGH,False,False,
Palm Oil,Oils & Fats,Buzzshare,94451 Arkansas Park,Backordered,62-795-7801,08-312-0872,8/17/2024,7/28/2024,11/23/2024,35,41,84,1.8,62,14,-019%,111.60000000000001,0.032416479492481096,26.071428571428573,HIGH,False,False,
White Sugar,Grains & Pulses,Topicshots,322 Birchwood Center,Active,40-683-0283,27-060-9944,8/17/2024,5/4/2024,5/23/2024,27,64,78,2.0,57,4,077%,114.0,0.03311360808371724,91.25,HIGH,True,False,Consider rationalize / delist
Powdered Sugar,Grains & Pulses,Mybuzz,5 Homewood Street,Discontinued,87-423-8486,12-947-4739,8/17/2024,3/21/2024,3/9/2024,63,4,46,2.5,40,69,093%,100.0,0.029047024634839685,5.2898550724637685,OK,False,False,
Pear,Fruits & Vegetables,Centizu,3 Hooker Way,Discontinued,16-499-5059,09-090-6360,8/18/2024,11/19/2024,12/20/2024,77,20,5,4.5,61,62,-073%,274.5,0.07973408262263494,5.887096774193548,OK,False,False,
Bread Flour,Grains & Pulses,Browsezoom,8 Surrey Pass,Discontinued,05-334-2923,41-772-6271,8/18/2024,11/22/2024,5/16/2024,14,74,71,1.5,37,22,-002%,55.5,0.016121098672336024,16.59090909090909,HIGH,False,False,
Green Tea,Beverages,Oyoyo,2 Petterle Road,Active,74-845-3299,21-792-1000,8/18/2024,2/12/2025,4/29/2024,63,92,26,8.0,93,99,041%,744.0,0.21610986328320725,3.686868686868687,HIGH,False,True,Reorder / expedite replenishment
Black Rice,Grains & Pulses,Voomm,57598 Russell Center,Backordered,10-249-7928,69-861-0313,8/18/2024,4/3/2024,11/3/2024,85,4,75,6.5,95,70,-006%,617.5,0.17936537712013506,5.214285714285714,OK,False,False,
Tilapia,Seafood,Flipopia,73397 Steensland Circle,Active,08-725-8156,32-196-4714,8/18/2024,11/10/2024,3/15/2024,59,59,10,7.0,57,50,026%,399.0,0.11589762829301033,7.3,HIGH,False,False,
Haddock,Seafood,Snaptags,8 Autumn Leaf Drive,Discontinued,41-240-8856,28-162-7486,8/18/2024,5/29/2024,1/10/2025,79,53,12,9.0,45,95,012%,405.0,0.11764044977110072,3.8421052631578947,OK,False,False,
Parmesan Cheese,Dairy,Photospace,9463 Northland Court,Backordered,35-257-9312,35-927-4986,8/18/2024,10/12/2024,4/6/2024,80,100,48,12.0,100,28,-111%,1200.0,0.3485642956180762,13.035714285714286,HIGH,False,True,Reorder / expedite replenishment
Sweet Potato,Fruits & Vegetables,Photospace,41 Nelson Center,Backordered,13-980-8804,20-608-1290,8/19/2024,10/1/2024,2/10/2025,100,3,32,2.0,98,91,072%,196.0,0.05693216828428578,4.010989010989011,OK,False,False,
Apricot,Fruits & Vegetables,Blognation,2633 Shasta Alley,Backordered,68-977-6854,73-830-9633,8/19/2024,7/29/2024,3/2/2024,90,30,42,5.0,76,69,007%,380.0,0.1103786936123908,5.2898550724637685,OK,False,False,
Butter,Dairy,Npath,904 Del Mar Crossing,Active,90-773-9557,02-165-5779,8/20/2024,6/30/2024,6/12/2024,85,28,21,3.0,45,89,009%,135.0,0.039213483257033575,4.101123595505618,OK,False,False,
Bread Flour,Grains & Pulses,Jazzy,33774 Carberry Circle,Active,89-328-9019,63-057-0462,8/20/2024,4/20/2024,12/8/2024,63,43,8,1.5,55,72,-098%,82.5,0.02396379532374274,5.069444444444445,OK,False,False,
Egg (Goose),Dairy,Dynava,2 Barby Lane,Discontinued,59-075-2457,18-733-2453,8/21/2024,2/3/2025,11/10/2024,97,26,15,2.5,33,58,-031%,82.5,0.02396379532374274,6.293103448275862,OK,False,False,
White Bread,Bakery,Ozu,44638 Corscot Lane,Backordered,31-627-6025,17-084-8551,8/22/2024,9/3/2024,1/20/2025,56,62,64,2.5,56,73,-076%,140.0,0.04066583448877556,5.0,HIGH,False,False,
Trout,Seafood,Flipbug,4 Jay Terrace,Discontinued,28-824-9017,93-712-3934,8/22/2024,6/8/2024,6/14/2024,19,94,17,11.5,96,74,-030%,1104.0,0.3206791519686301,4.9324324324324325,HIGH,False,True,Reorder / expedite replenishment
Sesame Oil,Oils & Fats,Miboo,49476 Tony Hill,Discontinued,06-858-5680,63-231-2829,8/22/2024,1/12/2025,1/16/2025,15,34,57,6.5,49,96,023%,318.5,0.09251477346196439,3.8020833333333335,HIGH,False,False,
Pineapple,Fruits & Vegetables,Photojam,3645 Ridge Oak Drive,Backordered,38-732-7667,88-663-3393,8/23/2024,10/13/2024,9/28/2024,18,52,22,3.5,42,32,-096%,147.0,0.04269912621321433,11.40625,HIGH,False,False,
Green Tea,Beverages,Thoughtsphere,20073 Northfield Way,Discontinued,85-237-3505,92-296-1266,8/23/2024,11/13/2024,11/3/2024,88,50,88,8.0,78,28,024%,624.0,0.18125343372139963,13.035714285714286,OK,False,False,
Brown Rice,Grains & Pulses,Skipfire,955 4th Road,Discontinued,73-117-6105,74-729-7466,8/23/2024,9/17/2024,1/23/2025,44,48,77,2.5,67,79,064%,167.5,0.04865376626335647,4.620253164556962,HIGH,False,False,
Green Tea,Beverages,Fiveclub,226 Calypso Road,Active,46-436-5351,07-471-0050,8/24/2024,9/30/2024,4/16/2024,80,54,21,8.5,81,37,-018%,688.5,0.19998876461087123,9.864864864864865,OK,False,False,
Wild Rice,Grains & Pulses,Babbleopia,3 Hermina Circle,Active,56-303-5256,29-821-5359,8/24/2024,11/17/2024,3/21/2024,58,24,25,10.0,75,26,054%,750.0,0.21785268476129765,14.038461538461538,OK,False,False,
Bread Flour,Grains & Pulses,Roomm,561 Blue Bill Park Road,Discontinued,57-394-1587,59-595-7531,8/25/2024,2/17/2025,10/30/2024,57,63,41,1.5,53,94,065%,79.5,0.023092384584697548,3.882978723404255,HIGH,False,False,
Sardines,Seafood,Linklinks,05944 Scott Parkway,Active,51-934-9117,34-389-9922,8/25/2024,7/28/2024,1/31/2025,30,55,4,6.0,56,31,-077%,336.0,0.09759800277306134,11.774193548387096,HIGH,False,False,
Almond Flour,Grains & Pulses,Thoughtblab,6 Acker Street,Active,77-377-1659,64-674-3902,8/25/2024,1/22/2025,6/19/2024,74,22,91,9.5,24,12,045%,228.0,0.06622721616743447,30.416666666666668,OK,False,False,
Swiss Cheese,Dairy,Skidoo,739 Swallow Road,Active,27-262-2437,05-181-2682,8/26/2024,11/20/2024,10/9/2024,80,9,29,8.1,54,62,050%,437.4,0.12705168575278877,5.887096774193548,OK,False,False,
Cucumber,Fruits & Vegetables,Eire,2 Basil Street,Active,71-085-4290,26-593-3478,8/26/2024,10/7/2024,12/4/2024,31,98,72,1.8,91,29,-015%,163.8,0.04757902635186741,12.586206896551724,HIGH,False,True,Reorder / expedite replenishment
Strawberries,Fruits & Vegetables,Skalith,60241 Portage Point,Discontinued,87-675-1506,21-697-8128,8/26/2024,12/7/2024,5/21/2024,31,89,7,5.9,46,54,068%,271.40000000000003,0.07883362485895491,6.7592592592592595,HIGH,False,False,
Almond Flour,Grains & Pulses,Eimbee,5426 Fordem Pass,Backordered,77-224-2227,89-226-5813,8/26/2024,9/30/2024,10/26/2024,75,46,75,9.5,43,77,-017%,408.5,0.11865709563332011,4.740259740259741,OK,False,False,
Sweet Potato,Fruits & Vegetables,Skibox,15 Veith Circle,Backordered,94-658-4945,09-153-0763,8/27/2024,2/12/2025,5/8/2024,65,10,81,2.0,71,61,-079%,142.0,0.041246774981472355,5.983606557377049,OK,False,False,
Cauliflower,Fruits & Vegetables,Yakitri,1 Hudson Hill,Discontinued,15-562-3712,53-243-7800,8/27/2024,6/20/2024,10/28/2024,33,89,15,2.5,90,52,014%,225.0,0.06535580542838929,7.019230769230769,HIGH,False,True,Reorder / expedite replenishment
Yogurt,Dairy,Thoughtworks,15658 Talisman Lane,Backordered,98-546-7398,37-921-2953,8/27/2024,5/3/2024,4/17/2024,80,69,71,1.75,41,43,042%,71.75,0.020841240175497475,8.488372093023257,OK,False,False,
Egg (Turkey),Dairy,Oyondu,35 Portage Road,Discontinued,36-177-0573,62-687-0951,8/27/2024,10/2/2024,4/13/2024,92,1,23,2.5,78,36,-005%,195.0,0.05664169803793739,10.13888888888889,OK,False,False,
Basmati Rice,Grains & Pulses,Yamia,308 Doe Crossing Pass,Discontinued,39-358-3340,86-841-4440,8/27/2024,3/25/2024,3/14/2024,71,60,62,4.5,60,63,054%,270.0,0.07842696651406715,5.7936507936507935,OK,False,False,
Rice Flour,Grains & Pulses,Mynte,127 Eliot Road,Backordered,11-733-1756,27-970-8649,8/28/2024,11/27/2024,2/24/2025,52,81,53,2.0,95,88,-005%,190.0,0.0551893468061954,4.1477272727272725,HIGH,False,True,Reorder / expedite replenishment
Blueberries,Fruits & Vegetables,Buzzbean,3 Bunting Point,Discontinued,01-026-2772,20-532-0144,8/28/2024,6/11/2024,5/27/2024,40,61,47,10.0,76,10,007%,760.0,0.2207573872247816,36.5,HIGH,False,False,
Peanut Oil,Oils & Fats,Eidel,6 Harbort Hill,Active,84-198-7276,34-158-6684,8/29/2024,1/16/2025,6/15/2024,60,88,65,4.0,94,15,087%,376.0,0.1092168126269972,24.333333333333332,HIGH,False,True,Reorder / expedite replenishment
Mackerel,Seafood,Janyx,376 Reinke Court,Backordered,56-810-0550,94-145-9423,8/29/2024,12/2/2024,9/4/2024,71,7,6,7.5,52,68,084%,390.0,0.11328339607587477,5.367647058823529,OK,False,False,
Pineapple,Fruits & Vegetables,Yamia,3 Ronald Regan Center,Discontinued,40-751-8635,48-878-3021,8/30/2024,10/17/2024,3/5/2024,44,80,84,3.4,96,68,-031%,326.4,0.09480948840811672,5.367647058823529,HIGH,False,True,Reorder / expedite replenishment
Sushi Rice,Grains & Pulses,Dabshots,43107 Schlimgen Circle,Active,14-305-9690,13-457-9946,8/30/2024,6/29/2024,3/10/2024,19,17,14,4.3,58,23,029%,249.39999999999998,0.07244327943929016,15.869565217391305,OK,False,False,
Basmati Rice,Grains & Pulses,Yodo,28 Boyd Pass,Active,83-727-0814,79-656-1990,8/30/2024,6/8/2024,6/5/2024,11,87,64,4.5,29,6,060%,130.5,0.037906367148465785,60.833333333333336,HIGH,False,False,
Pomegranate,Fruits & Vegetables,Tagopia,62238 Mallory Place,Active,71-015-9181,56-196-9896,8/30/2024,8/27/2024,10/26/2024,22,35,55,6.0,41,27,079%,246.0,0.07145568060170562,13.518518518518519,HIGH,False,False,
Orange,Fruits & Vegetables,Kanoodle,9516 Burrows Circle,Discontinued,51-572-5497,43-035-3382,8/31/2024,2/13/2025,4/28/2024,15,44,88,3.0,56,12,034%,168.0,0.04879900138653067,30.416666666666668,HIGH,False,False,
Pomegranate,Fruits & Vegetables,Innojam,1008 Welch Street,Active,06-797-4963,41-821-0197,8/31/2024,8/15/2024,8/16/2024,52,8,37,6.0,38,81,079%,228.0,0.06622721616743447,4.506172839506172,OK,False,False,
Cheese,Dairy,Mydeo,1700 Briar Crest Parkway,Backordered,42-141-5718,67-662-3444,9/13/2024,1/6/2025,12/26/2024,100,31,43,9.0,88,52,-113%,792.0,0.23005243510793033,7.019230769230769,OK,False,False,
Milk,Dairy,Jabbercube,53 Homewood Alley,Active,37-606-0510,09-489-6314,9/13/2024,6/9/2024,11/9/2024,18,64,86,1.0,73,38,041%,73.0,0.02120432798343297,9.605263157894736,HIGH,False,False,
Sunflower Oil,Oils & Fats,Aibox,43591 East Road,Active,44-480-9446,35-000-6015,9/13/2024,2/19/2025,3/14/2024,39,13,13,2.5,84,93,048%,210.0,0.06099875173316333,3.924731182795699,OK,False,False,
Black Tea,Beverages,Brainbox,79 Cardinal Court,Active,78-237-0277,50-314-5433,9/15/2024,9/23/2024,1/13/2025,46,27,76,5.0,64,96,-011%,320.0,0.092950478831487,3.8020833333333335,OK,False,False,
Watermelon,Fruits & Vegetables,Topicblab,26240 Maple Wood Place,Discontinued,87-997-0228,55-156-6528,9/15/2024,10/24/2024,12/27/2024,71,4,37,3.0,81,25,-050%,243.0,0.07058426986266043,14.6,OK,False,False,
Whole Wheat Flour,Grains & Pulses,Pixonyx,78 Forest Dale Road,Backordered,42-674-3917,26-080-4944,9/15/2024,4/20/2024,6/6/2024,41,76,47,2.65,50,50,069%,132.5,0.03848730764116258,7.3,HIGH,False,False,
Robusta Coffee,Beverages,Yozio,25696 Westerfield Alley,Active,28-185-7303,97-143-0641,9/15/2024,1/21/2025,10/22/2024,59,31,3,10.0,48,51,000%,480.0,0.1394257182472305,7.1568627450980395,OK,False,False,
Salmon,Seafood,Fanoodle,56 Petterle Circle,Active,45-852-2446,37-567-5710,9/15/2024,6/8/2024,11/29/2024,73,12,28,15.0,89,92,-006%,1335.0,0.3877777788751098,3.967391304347826,OK,False,False,
Salmon,Seafood,Innojam,1247 Hoard Hill,Active,56-831-6199,99-680-2351,9/16/2024,2/25/2024,8/14/2024,49,48,62,15.0,96,37,-003%,1440.0,0.41827715474169147,9.864864864864865,OK,False,False,
Cabbage,Fruits & Vegetables,Twitternation,700 Northland Crossing,Backordered,82-538-4809,74-357-2990,9/16/2024,11/5/2024,10/24/2024,83,61,4,1.0,35,7,061%,35.0,0.01016645862219389,52.142857142857146,OK,False,False,
Banana,Fruits & Vegetables,Vinder,8 Heffernan Point,Active,87-698-0944,73-717-0190,9/17/2024,8/27/2024,2/2/2025,56,12,59,98.43,35,16,080%,3445.05,1.0006845221825444,22.8125,OK,False,False,
Peas,Fruits & Vegetables,Edgeclub,39 Dovetail Terrace,Active,30-964-2694,42-976-2737,9/18/2024,5/12/2024,6/30/2024,48,72,55,3.0,51,41,054%,153.0,0.04444194769130472,8.902439024390244,HIGH,False,False,
Powdered Sugar,Grains & Pulses,Topicshots,5649 Vidon Plaza,Active,09-335-7793,96-918-7047,9/18/2024,9/7/2024,6/1/2024,66,19,20,2.4,30,49,020%,72.0,0.02091385773708457,7.448979591836735,OK,False,False,
Rice Flour,Grains & Pulses,Zava,289 Longview Point,Active,99-033-5661,32-458-6452,9/19/2024,1/27/2025,9/25/2024,42,3,21,2.0,35,22,-063%,70.0,0.02033291724438778,16.59090909090909,OK,False,False,
Black Rice,Grains & Pulses,Shuffletag,46989 Crescent Oaks Junction,Backordered,90-128-7973,91-417-6283,9/19/2024,10/31/2024,3/13/2024,49,3,7,6.25,75,46,037%,468.75,0.13615792797581103,7.934782608695652,OK,False,False,
Tilapia,Seafood,Plajo,13799 Quincy Park,Discontinued,52-797-6961,75-793-8978,9/19/2024,6/7/2024,6/17/2024,46,80,88,7.0,62,22,039%,434.0,0.12606408691520424,16.59090909090909,HIGH,False,False,
Arborio Rice,Grains & Pulses,Feedmix,05433 Towne Terrace,Discontinued,39-232-5341,23-319-2681,9/21/2024,10/24/2024,2/15/2025,20,34,74,4.5,50,83,065%,225.0,0.06535580542838929,4.397590361445783,HIGH,False,False,
Cream,Dairy,Meevee,44 Kensington Road,Discontinued,46-931-6897,22-946-8052,9/21/2024,6/15/2024,9/15/2024,29,32,26,2.5,64,85,-066%,160.0,0.0464752394157435,4.294117647058823,HIGH,False,False,
Cream,Dairy,Trilith,668 Claremont Place,Discontinued,56-937-8675,37-996-3243,9/21/2024,5/31/2024,12/8/2024,62,91,14,2.5,41,77,-033%,102.5,0.029773200250710678,4.740259740259741,HIGH,False,False,
Tilapia,Seafood,Dynava,674 Ryan Alley,Backordered,54-830-6971,94-006-6480,9/21/2024,12/25/2024,5/18/2024,100,61,21,7.0,85,79,-088%,595.0,0.17282979657729614,4.620253164556962,OK,False,False,
Powdered Sugar,Grains & Pulses,Kazu,00029 Fisk Point,Discontinued,90-865-9150,58-053-4926,9/22/2024,5/12/2024,7/9/2024,28,24,97,2.5,82,5,007%,205.0,0.059546400501421355,73.0,OK,False,False,
Long Grain Rice,Grains & Pulses,Geba,61224 Northridge Avenue,Active,42-887-6557,49-092-2735,9/23/2024,7/10/2024,3/30/2024,26,82,19,1.5,76,88,094%,114.0,0.03311360808371724,4.1477272727272725,HIGH,False,False,
Carrot,Fruits & Vegetables,Quinu,24385 Prentice Plaza,Discontinued,94-190-5193,95-778-2888,9/23/2024,11/21/2024,4/9/2024,67,68,50,1.5,67,82,-016%,100.5,0.029192259758013882,4.451219512195122,HIGH,False,False,
Blueberries,Fruits & Vegetables,Kamba,052 Northland Trail,Active,00-440-9568,43-605-2448,9/23/2024,9/4/2024,12/20/2024,53,98,25,10.0,55,51,-022%,550.0,0.15975863549161826,7.1568627450980395,HIGH,False,False,
Peanut Oil,Oils & Fats,Babblestorm,0109 Stang Terrace,Discontinued,74-294-3760,81-233-6894,9/23/2024,11/30/2024,11/27/2024,49,17,54,4.0,45,96,007%,180.0,0.052284644342711434,3.8020833333333335,OK,False,False,
Yogurt,Dairy,Devpulse,8 Kensington Place,Backordered,66-806-6051,19-875-5642,9/23/2024,7/1/2024,5/23/2024,63,12,82,1.7,56,31,-113%,95.2,0.02765276745236738,11.774193548387096,OK,False,False,
Broccoli,Fruits & Vegetables,Realblab,16 Elgar Point,Discontinued,81-844-2979,02-575-7332,9/24/2024,1/15/2025,5/11/2024,73,87,46,4.0,47,67,045%,188.0,0.0546084063134986,5.447761194029851,HIGH,False,False,
Tuna,Seafood,Viva,239 Anderson Court,Discontinued,80-072-8774,61-222-8413,9/24/2024,7/6/2024,10/15/2024,89,95,41,18.0,76,96,-043%,1368.0,0.39736329700460693,3.8020833333333335,HIGH,False,False,
Strawberries,Fruits & Vegetables,Skimia,1 Havey Park,Discontinued,80-039-1261,37-994-7932,9/25/2024,11/28/2024,6/12/2024,26,97,12,6.0,94,58,-026%,564.0,0.16382521894049581,6.293103448275862,HIGH,False,True,Reorder / expedite replenishment
Avocado Oil,Oils & Fats,Twitterwire,938 Garrison Court,Discontinued,58-219-0241,42-523-1857,9/26/2024,5/12/2024,6/4/2024,50,36,81,10.0,27,6,038%,270.0,0.07842696651406715,60.833333333333336,OK,False,False,
Haddock,Seafood,Zoovu,21379 Stoughton Junction,Active,94-528-8088,68-885-5553,9/26/2024,7/24/2024,3/8/2024,43,7,63,9.0,66,71,078%,594.0,0.17253932633094773,5.140845070422535,OK,False,False,
Feta Cheese,Dairy,Avaveo,60 Towne Hill,Active,95-349-0828,43-977-2343,9/27/2024,8/29/2024,2/6/2025,97,57,84,7.0,95,28,-008%,665.0,0.1931627138216839,13.035714285714286,OK,False,False,
Trout,Seafood,Izio,96420 Briar Crest Lane,Active,03-061-1344,85-211-5357,9/27/2024,7/19/2024,6/27/2024,98,65,76,12.0,62,47,071%,744.0,0.21610986328320725,7.76595744680851,OK,False,False,
Parmesan Cheese,Dairy,Yakidoo,0 Fordem Place,Backordered,67-984-5368,39-714-7313,9/27/2024,10/4/2024,7/28/2024,52,56,34,12.0,31,69,024%,372.0,0.10805493164160362,5.2898550724637685,HIGH,False,False,
Raw Sugar,Grains & Pulses,Flipopia,365 Vera Terrace,Active,44-782-1395,54-132-9762,9/29/2024,6/26/2024,11/17/2024,72,72,68,1.5,39,78,-123%,58.5,0.016992509411381213,4.67948717948718,HIGH,False,False,
Cabbage,Fruits & Vegetables,Topdrive,43 Washington Street,Discontinued,75-927-9108,27-406-7972,9/29/2024,6/17/2024,7/2/2024,24,32,17,1.0,55,72,-100%,55.0,0.015975863549161827,5.069444444444445,HIGH,False,False,
Green Beans,Fruits & Vegetables,Gigazoom,37 Browning Trail,Discontinued,78-614-4402,51-014-4287,9/30/2024,2/14/2025,4/25/2024,81,99,28,2.0,20,85,-031%,40.0,0.011618809853935874,4.294117647058823,HIGH,False,False,
Strawberries,Fruits & Vegetables,Lazz,32525 Marquette Park,Discontinued,01-903-5373,37-902-0286,9/30/2024,6/20/2024,6/21/2024,94,77,89,6.0,40,84,-325%,240.0,0.06971285912361525,4.345238095238095,OK,False,False,
